2924 5006
290 384 342 433 174
406 384 594 437 OHRONIOA
613 385 725 436 naam
745 385 998 440 COLONIENSIS.
1019 387 1122 439 CONT.
1133 387 1171 439 11.
1189 385 1222 437 A.
1235 385 1316 436 1204.

290 560 492 638 pertemptat.
547 551 692 616 Tandem
721 551 821 618 multa
852 554 988 620 offerens
1017 563 1050 618 et
1079 553 1173 639 plura
1206 555 1409 640 promittere,

217 685 274 726 „05
290 658 409 722 eosque
431 635 513 700 velle
534 657 591 700 suo
617 638 710 722 paria
723 637 916 722 respondere
931 638 1138 723 persentiens,
1154 649 1290 724 accepta
1319 639 1409 702 iuris-

199 745 248 785 raa.
258 719 282 786 ss
290 721 417 786 iurandi
451 719 644 806 obligatione
677 743 750 784 cum
781 721 958 798 obsidibus,
993 723 1026 785 in
1061 721 1234 808 epiphania
1264 723 1409 804 Domini,

289 804 388 872 multo
416 805 552 890 stipatus
580 802 691 886 milite,
720 805 917 892 Aquisgrani
946 806 1114 888 accedens,
1150 809 1189 870 a*
1222 807 1287 870 iam
1325 805 1409 870 dioto

288 889 531 975 archiepiscopo
553 889 587 951 in
610 911 718 974 regem
746 900 960 954 consecratur.
1011 889 1179 955 Celebrate
1208 891 1309 974 igitur
1337 911 1411 954 con-

288 975 474 1055 secratione,
508 972 672 1057 predictus
705 973 970 1072 archiepiscopus
1003 996 1090 1056 auro,
1124 984 1268 1058 argente,
1302 972 1411 1059 lapide

287 1059 428 1145 pretioso
450 1056 586 1142 aliisque
608 1056 770 1142 regalibus
792 1059 940 1144 insigniis
963 1060 1041 1123 satis
1063 1058 1212 1142 regaliter
1226 1079 1411 1123 remunera-

288 1155 369 1223 tus1,
392 1163 466 1205 cum
488 1140 609 1206 honore
624 1140 803 1207 dimittitur.
839 1143 908 1206 Rex
924 1144 1088 1206 interram
1104 1164 1193 1206 suam
1211 1143 1410 1207 reveniunt.

288 1225 414 1289 Eodem
436 1234 579 1307 tempore
601 1247 699 1290 naves
722 1236 755 1290 et
776 1248 897 1310 currus,
922 1226 1040 1313 quibus
1061 1225 1213 1291 victualia
1226 1227 1314 1312 regis
1331 1228 1412 1290 fere·

288 1309 414 1382 bantur,
437 1331 457 1372 a
478 1306 686 1373 Walraviolm
709 1309 796 1395 apud
818 1311 1000 1376 Veronam³
1015 1310 1075 1374 diri
1101 1312 1218 1376 iuntur.

372 1393 540 1457 Dissensio
552 1393 673 1477 gravis,
682 1396 900 1459 controversia
910 1333 1118 1460 intolerabilis
1130 1404 1160 1459 et
1172 1396 1290 1458 scisma
1300 1393 1413 1478 lugen-

288 1476 364 1543 dum
380 1476 527 1541 omnibus
538 1477 673 1542 ecclesie
683 1477 757 1542 filiis
768 1480 801 1543 in
813 1478 997 1544 Coloniensi
1013 1478 1149 1544 ecclesia
1159 1481 1240 1541 inter
1256 1477 1414 1542 Ottonem

288 1583 396 1646 regem
417 1570 448 1624 et
469 1561 575 1626 archis
600 1565 747 1649 iscopum
770 1563 878 1644 oritur,
901 1565 1140 1632 consecratione
1158 1561 1302 1662 Philippi
1325 1563 1416 1646 regis

287 1647 363 1712 huic
378 1646 556 1733 periculose
574 1587 733 1713 discordie
754 1649 952 1712 incentivum
973 1669 1012 1712 ac
1034 1647 1176 1713 fomitem
1198 1649 1413 1710 ministrante.

288 1732 319 1796 A
341 1732 448 1796 multis
476 1733 581 1812 etiam,
610 1731 728 1818 quihus
757 1741 825 1796 erat
845 1754 935 1797 mens
958 1733 1074 1813 sanior,
1097 1730 1138 1795 ad
1159 1730 1292 1794 insidias
1315 1731 1415 1815 regni

287 1818 471 1902 totiusque⁰
501 1809 891 1881 ecclesie'detrimentum
920 1816 1040 1880 factum
1071 1815 1132 1880 hoc
1166 1813 1414 1901 presagabatur,

290 1899 376 1985 quod
409 1911 522 1986 postea
553 1922 659 1966 rerum
693 1901 798 1964 exitus
827 1901 1028 1986 approbavit.
1084 1899 1161 1965 Otto
1184 1899 1324 1984 denique
1351 1920 1416 1964 rex

289 1982 411 2068 legatos
435 2006 509 2048 suos
531 1983 668 2048 Romam
689 1984 839 2069 dirigens,
863 2005 988 2048 omnem
1013 1982 1202 2047 calamitatis
1217 2005 1274 2046 sue
1293 1984 1414 2046 seriem

288 2089 372 2153 pape
400 2066 627 2153 querebundus
655 2068 816 2154 exposuit,
844 2069 946 2153 ipsius
973 2068 1196 2153 paternitatem
1225 2088 1263 2130 ac
1292 2067 1414 2132 discre-

291 2152 410 2215 tionem
432 2152 660 2216 commonitam
676 2175 745 2217 esse
760 2153 805 2215 im
831 2173 952 2233 recens,
969 2150 1104 2238 qualiter
1114 2148 1274 2215 Adolfus‘l
1290 2149 1415 2215 archie-

290 2235 444 2382 piscopus
466 2257 500 2300 se
523 2237 562 2300 de
585 2245 669 2300 terra
691 2257 758 2317 sua,
779 2175 835 2300 ull
858 2236 995 2318 diviciis,
1017 2234 1138 2299 honore
1161 2257 1198 2299 co
1223 2235 1334 2299 iosus⁰
1356 2234 1415 2298 ha-

314 2317 467 2402 undabat,
483 2328 650 2384 evocatum
661 2319 771 2384 favore
783 2340 821 2382 ac
832 2340 989 2386 consensu
1001 2329 1189 2384 cunctorum
1200 2258 1415 2404 lotharingie

292 2414 324 2468 et
367 2403 545 2468 uorundam
576 2405 776 2490 superiorum
802 2404 986 2490 principum
1008 2405 1169 2488 totiusque
1198 2401 1416 2467 multitudinis

292 2425 521 2552 acclamatione
549 2487 702 2554 Oolonier
726 2490 759 2551 in
786 2511 894 2587 regem
925 2489 1083 2552 creaverit
1104 2507 1142 2550 ac
1164 2508 1318 2572 processu
1332 2496 1415 2550 tem·

292 2575 381 2659 poris
425 2570 619 2657 Aquisgrani
658 2570 874 2638 ecclesiastico
918 2594 1006 2637 more
1050 2580 1271 2636 consecratum
1311 2569 1417 2653 regali

293 2656 369 2722 sede
389 2655 621 2738 sublimaverit3
648 2678 734 2720 nunc
754 2679 841 2739 vero,
865 2679 898 2722 se
914 2657 1006 2756 quasi
1020 2655 1188 2740 repudiato
1203 2675 1242 2718 ac
1256 2653 1416 2720 violenter

293 2741 474 2826 reprobato,
495 2739 680 2827 Philippum
703 2741 815 2806 ducem
841 2741 957 2806 Suevre
980 2741 1076 2804 simili
1097 2739 1193 2803 modo
1214 2738 1415 2824 Aquisgrani

295 2825 478 2907 deductum,
502 2836 635 2909 accepta
661 2826 702 2891 ab
732 2847 770 2889 eo
800 2827 938 2910 pecunia
964 2824 1199 2904 innumerabili,
1229 2823 1352 2887 ibidem
1379 2823 1415 2886 in

294 2931 402 2994 regem
430 2929 617 2972 consecrare
645 2910 886 2993 presumpserit,
915 2917 1106 2994 protestans,
1139 2929 1232 2972 omne
1265 2927 1414 2990 regnum,

294 2993 449 3092 precipue
472 2990 695 3057 Coloniensem
718 2992 827 3076 episco
853 3001 950 3075 atum,
973 2994 1105 3078 insuper
1126 3001 1226 3056 totam
1243 2990 1415 3055 ecclesiam

295 3076 369 3140 inde
391 3076 578 3161 gravissime
600 3073 782 3159 periclitari.
826 3014 985 3140 llominus
1008 3098 1103 3162 papa,
1126 3076 1256 3160 cognita
1276 3083 1345 3138 tam
1367 3075 1415 3137 in·

295 3160 405 3225 audita
432 3169 560 3243 tamque
587 3161 757 3223 temera-ria
787 3160 1029 3244 presumptione
1057 3159 1300 3244 archiepiscopi,
1333 3168 1415 3222 tam-

296 3265 392 3331 quam
413 3253 505 3329 pater
526 3243 690 3328 piissimus
712 3241 846 3306 affluens
869 3243 1084 3308 misericordie
1110 3241 1299 3324 visceribus,
1323 3240 1415 3308 Otto-

295 3329 345 3392 nis
374 3349 408 3391 re
431 3328 458 3390 is
487 3335 551 3390 tam
576 3347 650 3390 uam
678 3325 786 3391 dilecti
808 3325 864 3390 filii
887 3327 1058 3392 deiectioni
1080 3328 1156 3391 satis
1179 3337 1312 3411 paterne
1342 3347 1414 3390 oon-

295 3351 468 3492 descendit,
491 3349 727 3496 prudenterque
749 3410 836 3496 apud
858 3433 892 3475 se
943 3420 1128 3493 ertractans,
1155 3421 1218 3474 acss
1244 3411 1415 3474 temeraria

296 3495 552 3582 supercreatione
574 3493 716 3579 Philippi
737 3495 823 3578 regis
844 3433 965 3580 regalia
986 3497 1056 3559 iura
1076 3493 1292 3582 pessumdari,
1316 3495 1414 3558 eccle-

296 3579 426 3643 siastica
458 3579 603 3644 instituta
630 3577 810 3663 depravari,
837 3578 966 3645 decreta
994 3580 1149 3644 canonica
1175 3577 1354 3663 periclitari
1384 3586 1414 3641 et

297 3661 451 3749 quicquid
481 3662 639 3742 insudet,
663 3661 818 3747 quicquid
841 3664 1027 3744 sanctitatis,
1060 3661 1214 3749 quicquid
1246 3659 1413 3748 religionis

296 3769 366 3812 esse
389 3753 522 3830 poterat,
544 3745 605 3810 hoc
627 3747 803 3810 sementivo
832 3746 957 3813 malicie
985 3747 1017 3810 in
1039 3768 1226 3832 perversum
1248 3747 1314 3830 agi,
1343 3768 1415 3832 pre·

353 3907 381 3978 ¹¹⁸)
403 3909 436 3958 ab
455 3906 553 3959 Adolfo
573 3922 599 3958 a.
619 3904 679 3958 113.

297 4055 319 4107 a)
336 4057 368 4095 hic
382 4059 503 4104 aquantur
517 4063 587 4104 supra
603 4053 682 4093 omissa
697 4052 794 4092 intravit
810 4074 835 4083 -
853 4053 952 4103 optinuit
968 4053 1009 4095 Aa.
1071 4051 1215 4105 b)Wslravo
1231 4055 1280 4096 AS.
1335 4056 1356 4109 c)
1372 4065 1415 4106 que

296 4115 352 4154 duct
367 4113 413 4155 Aa.
475 4111 609 4164 o)A.Aa.
671 4109 921 4162 aeteoprosusna.
980 4112 1292 4164 00016A230016nA3.
1346 4116 1415 4169 then

297 4173 484 4216 A2.3=hnc.
543 4170 568 4223 h)
584 4172 638 4211 tuot.
656 4183 678 4220 q.
694 4181 712 4210 s.
729 4182 752 4220 q.
767 4170 872 4214 ΜΗ.

300 4319 327 4388 1)
354 4320 393 4388 ΟΥ.
413 4321 492 4374 etiem
516 4319 636 4389 Philippi
661 4321 779 4373 chortam
804 4321 831 4373 d.
852 4321 895 4372 12.
915 4321 976 4373 Ion.
998 4322 1354 4397 1205‚Lacomtur11‚p.
1375 4330 1414 4380 ll.

299 4392 327 4462 2)
346 4394 417 4446 attio
438 4395 536 4446 comitis
556 4395 762 4462 Limburpenaia.
838 4393 868 4461 3)
887 4395 974 4447 Bona.
