2934 4998
302 403 354 453 298
430 403 617 456 CHRONICA
636 403 749 455 REGIA
769 403 1022 456 COLONIENSIS.
1043 404 1146 455 CONT.
1157 405 1190 456 V.
1211 404 1244 455 A.
1258 404 1339 454 1249.

301 593 376 657 rege
399 569 517 717 (lyppi1
541 570 648 655 ipsum
669 579 883 656 prosequente
906 569 1039 636 classem
1062 592 1204 654 movens,
1227 571 1360 638 devenit
1381 571 1421 636 ad

301 664 429 742 partes·
480 655 589 740 gypti,
618 652 674 717 ubi
695 653 787 718 Nilus
817 675 904 718 mare
932 655 1046 738 influit,
1070 654 1333 742 Sarracenisque,
1368 658 1420 741 qui

300 748 427 825 portum
450 738 657 803 observantes
685 736 808 802 aditum
834 737 1059 824 prohibebant,
1090 749 1218 806 strenue
1248 741 1307 804 sed
1335 739 1420 806 labo·

301 825 386 888 riose
407 822 550 902 devictis,
574 831 816 887 castrametatus
839 833 888 888 est
916 834 990 888 ante
1019 824 1182 888 civitatem
1201 825 1420 889 Damiatamb.

303 906 404 972 Cuius
426 907 515 972 urbis
538 906 664 971 civibus
709 908 802 970 artim
831 907 864 970 in
886 907 1037 972 conflictu
1059 919 1192 994 portus⁰
1215 908 1327 973 habito
1350 929 1420 995 pro-

302 993 418 1072 stratis,
449 991 566 1077 partim
598 990 641 1054 ad
663 928 899 1055 observandum
921 991 1001 1056 alios
1023 1003 1135 1078 portus
1162 993 1305 1056 marinos
1327 1001 1420 1056 antea

301 1076 516 1157 transmissis,
559 1074 615 1139 ubi
656 1097 766 1160 regem
802 1075 938 1139 Francis
981 1076 1138 1141 timebant
1173 1075 1419 1162 applicatarum,

303 1182 336 1224 se
361 1161 449 1224 uenti
470 1159 522 1224 die
543 1181 603 1223 rex
618 1159 764 1242 Francis,
787 1168 873 1223 statu
894 1161 1034 1224 civitatis
1056 1160 1233 1246 explorato,
1256 1161 1420 1225 civitatem

301 1182 498 1309 indefensam
534 1243 722 1329 ingreditur,
766 1243 898 1328 predam
935 1246 1121 1332 copiosamd
1155 1245 1320 1310 inventam
1356 1244 1420 1308 suis

301 1326 448 1414 largitur,
491 1329 683 1412 episcopus⁰
719 1327 840 1393 ibidem
875 1329 1060 1410 instituitur,
1106 1328 1207 1393 clerus
1244 1329 1419 1410 ordinatur,

302 1435 322 1476 a
344 1413 523 1476 christianis
545 1412 636 1476 factis
657 1412 703 1476 ibi
724 1411 959 1477 habitatoribus
980 1434 1058 1477 vera
1078 1412 1191 1498 religio
1213 1421 1419 1498 propagatur.

220 1519 262 1559 oar.
272 1520 291 1558 1.
385 1496 462 1582 Ipso
485 1517 568 1560 anno
595 1495 731 1560 infesto
753 1496 895 1581 Remigii
924 1495 1078 1562 militibus
1105 1509 1138 1562 et
1165 1497 1338 1582 oppidanis
1360 1497 1419 1561 Bo-

301 1579 414 1645 bardie
447 1579 661 1644 conditionem
690 1581 802 1644 initam
835 1579 914 1668 [regi
923 1580 945 1667 ¹]
978 1603 1044 1645 non
1076 1579 1328 1662 exsolventibus,
1365 1603 1421 1644 rex

302 1663 504 1746 Wilhelmus,
519 1664 704 1753 instauratis
720 1665 786 1727 suis
800 1663 936 1747 viribus,
953 1664 1145 1746 Coloniensi,
1160 1665 1420 1750 moguntinensis

303 1758 335 1814 et
352 1749 543 1814 Treverensi
564 1746 818 1835 archiepiscopis
840 1757 873 1813 et
894 1747 995 1813 electo
1010 1749 1183 1814 Leodiensi
1203 1751 1310 1834 ipsum
1333 1749 1419 1814 adiu·

302 1833 452 1898 vantibus
490 1831 644 1898 insultum
666 1843 777 1896 contra
797 1832 994 1898 Bobardiam
1017 1833 1155 1898 molitur.
1200 1833 1287 1899 Sedh
1309 1832 1419 1898 intelli-

301 1939 391 2003 gens,
422 1882 607 2004 Philippum
635 1915 674 1980 de
696 1916 841 1981 Hovels²
871 1917 1109 2003 quosdamquei
1142 1919 1275 1982 comites
1303 1927 1336 1982 et
1356 1918 1418 1980 fau·

301 2012 387 2066 tores
402 2001 558 2066 Friderici
602 2000 741 2066 uondam
763 2001 966 2087 imperatoris
987 2001 1027 2066 de
1042 2002 1261 2087 superioribus
1276 1999 1418 2088 partibus

303 2087 337 2149 in
365 2107 554 2149 succursum
580 2023 850 2151 bobardiensium
878 2087 975 2149 cuml
1003 2107 1101 2150 manu
1131 2085 1206 2150 forti
1237 2087 1417 2166 adventare,

303 2171 409 2233 inacte
438 2193 459 2233 a
482 2169 646 2233 Bobardia
672 2169 779 2240 reditl,
825 2171 928 2234 Fama
953 2171 1049 2234 etiam
1077 2170 1311 2253 crebrescebat,
1341 2169 1419 2235 Con·

302 2252 427 2336 radum,
448 2253 608 2317 nothumm
624 2253 781 2317 Friderici
803 2252 967 2339 quondam
988 2255 1199 2339 imperatoris,
1221 2256 1255 2318 in
1275 2253 1418 2342 partibus

304 2337 422 2402 Suevie
444 2346 591 2424 potenter
604 2358 701 2420 agere
722 2339 756 2400 in
776 2359 908 2401 suorum
923 2337 1140 2403 destructione
1155 2339 1417 2418 adversariorum,

305 2422 344 2487 de
367 2422 505 2507 quibus¹¹
533 2420 690 2508 quosdam
719 2423 873 2519 peremit,
895 2421 1050 2508 quosdam
1078 2424 1111 2486 in
1133 2424 1272 2507 gratiam
1294 2422 1417 2570 recepit.

389 2505 499 2570 Mense
507 2505 684 2570 Novembri
695 2505 788 2570 huius
799 2527 876 2568 amu
885 2528 944 2569 rex
951 2505 1143 2571 Wilhelmus
1155 2507 1194 2571 de
1206 2507 1363 2592 superiori
1386 2526 1419 2569 us

306 2587 410 2654 Rheni
441 2588 586 2688 partibus
619 2589 825 2672 descendens,
859 2590 974 2654 rediit⁰
1006 2591 1041 2652 in
1068 2589 1275 2655 Hollandiam
1306 2600 1417 2655 terram

307 2694 409 2755 suam,
430 2671 622 2738 lrberaturus
645 2695 833 2759 germanum
849 2684 975 2756 suum³,
998 2696 1094 2761 quem
1118 2675 1282 2762 captivum
1296 2674 1418 2740 tenebat

308 2757 471 2821 comitissa
492 2755 701 2824 Flandrensis
709 2766 756 2822 1-4.

392 2840 487 2907 Circa
507 2842 594 2907 idem
616 2854 742 2926 tempus
758 2840 862 2907 filius⁵
886 2843 978 2907 ducis
993 2842 1130 2907 Bavarie
1152 2842 1238 2928 cepit
1258 2842 1417 2928 ingeniose

307 2932 339 2991 et
359 2927 392 2990 in
415 2946 575 2991 carcerem
601 2924 738 2990 detrusit
758 2926 940 2992 Zornonem
969 2925 1200 2991 marescalcum
1227 2949 1302 2990 cum
1324 2947 1419 2990 uxore

308 3031 375 3093 sua,
397 3009 557 3075 hominem
586 3007 799 3075 truculentum
828 3019 859 3076 et
881 3009 1054 3075 multorum
1081 3010 1237 3076 scelerum
1264 3019 1419 3097 perpetra-

307 3105 419 3177 torem,
445 3092 636 3181 inopinabili
658 3093 807 3160 thesauro
828 3096 864 3158 in
885 3117 973 3178 auro,
1002 3095 1139 3180 gemmis
1160 3095 1323 3194 variisque
1349 3117 1417 3180 sup·
1458 3095 1459 3106 ’

306 3177 518 3264 pellectilibus
539 3178 685 3246 eiusdem
706 3177 919 3244 malefactoris
940 3179 1089 3262 inventis,
1103 3201 1165 3278 que
1188 3200 1297 3244 omma
1317 3178 1416 3245 ideas

306 3262 446 3326 nefarius
504 3286 538 3328 er
562 3264 628 3327 vim
657 3264 897 3409 oppressivumr
926 3273 1079 3349 congesta
1112 3286 1147 3327 1n
1176 3265 1290 3328 eastris
1317 3273 1348 3328 et
1387 3264 1416 3326 in

308 3345 456 3410 domibus
477 3285 640 3412 lbcaverat
660 3370 694 3412 re
706 3348 847 3432 rgiosisr.

390 3431 552 3496 Paridem
567 3441 694 3517 tempus
709 3430 990 3518 archiepiscopum
1007 3429 1206 3497 Coloniensis
1226 3454 1278 3496 res
1294 3429 1416 3496 solerter

307 3621 331 3674 a)
347 3626 436 3673 partem
451 3624 499 3663 Dr.
561 3622 585 3674 b)
601 3623 738 3662 Damoclem
753 3623 775 3661 D
785 3625 808 3672 ¹3
823 3623 960 3662 nemineum
976 3624 1026 3663 Du.
1088 3621 1108 3674 c)
1124 3625 1205 3673 portus
1221 3623 1300 3664 habito
1315 3623 1355 3662 des.
1371 3623 1415 3665 Dt.

307 3680 332 3734 d)
348 3684 396 3723 inv,
417 3692 465 3732 cop.
484 3683 534 3722 Da.
640 3681 662 3734 e)
678 3683 718 3722 Eis
735 3678 793 3731 epm
808 3682 855 3722 Di.
955 3679 974 3732 1)
990 3682 1046 3721 deest
1062 3682 1111 3722 Dl.
1216 3679 1240 3733 g)
1255 3683 1355 3731 nogant.
1372 3682 1415 3722 Dl.

308 3740 332 3793 h)
347 3741 434 3782 Varum
456 3742 503 3780 Da.
600 3739 617 3792 i)
640 3745 663 3781 et
687 3741 799 3789 quosdam
822 3741 871 3780 Dr.
965 3740 990 3782 ki
1014 3742 1070 3780 desae
1092 3742 1142 3782 Dt.
1238 3738 1256 3790 1)
1281 3741 1347 3780 rediit
1368 3741 1413 3781 Dt.

308 3799 339 3851 m)
357 3805 436 3840 notum
451 3801 500 3842 112.
590 3802 616 3852 n)
632 3811 729 3849 quorum
745 3800 793 3840 Dii.
905 3796 927 3851 o)
952 3799 1011 3839 redit
1031 3800 1081 3840 Dt.
1175 3796 1201 3852 p)
1216 3792 1349 3842 Flandft'e‘u.
1370 3799 1412 3843 111.

307 3860 332 3913 q)
348 3861 450 3902 natamus
464 3860 507 3900 ille
523 3860 572 3899 Du·
631 3857 652 3911 r)
669 3859 838 3909 appresaorlam
852 3859 874 3898 D
883 3859 903 3899 2.
962 3857 983 3911 s)
999 3860 1070 3908 episc.
1085 3859 1107 3898 D
1116 3860 1136 3901 2.

309 4021 337 4088 1)
356 4018 472 4072 Hearieo
491 4018 516 4069 l.
556 4019 590 4071 A.
664 4018 694 4084 2)
714 4017 855 4084 Philippus
882 4017 915 4070 de
933 4017 1095 4084 Hoheasela,
1121 4036 1145 4069 a.
1173 4019 1253 4067 1246.
1278 4014 1412 4084 imperialis

308 4096 387 4144 aulae
409 4091 587 4155 camerarium
605 4108 632 4142 o.
647 4091 770 4154 Bruma,
790 4090 887 4142 Fontes
899 4090 941 4152 II,
957 4109 987 4156 p.
1005 4092 1065 4142 185.
1085 4089 1112 4142 C.
1150 4093 1179 4158 3)
1196 4091 1364 4143 Florentium.
1382 4089 1410 4142 A.

308 4165 338 4231 4)
358 4165 539 4234 Margaretha.
577 4163 611 4218 A.
693 4167 721 4229 b)
745 4163 897 4215 Ludovieua
923 4163 965 4228 Il,
984 4163 1060 4230 filius
1086 4163 1162 4216 ducis
1190 4163 1292 4215 Ottonia
1311 4164 1349 4217 ΙΙ.
1383 4163 1410 4214 A.

310 4238 339 4305 6)
359 4237 453 4290 Nescio
473 4256 508 4288 aa
528 4239 565 4290 ud
586 4237 698 4291 eundem
721 4253 776 4288 rem
794 4237 952 4304 referendos
978 4235 1031 4288 sint
1057 4238 1182 4303 epistolae
1207 4235 1324 4307 spuriae,
1350 4253 1410 4302 quor

309 4310 427 4434 elaplliberp
446 4311 618 4434 digtamiuum
637 4307 788 4364 Trevirenai
813 4309 895 4362 edidit
914 4310 1002 4374 More,
1023 4310 1159 4362 ‘Zattara
1173 4310 1199 4376 f.
1219 4311 1246 4362 d.
1270 4309 1409 4363 Oberrhein¹

360 4423 368 4447 ‚
425 4421 432 4436 .
491 4422 497 4436 .
