2934 4998
275 375 329 429 tlt
396 373 570 428 CHRONIOI
590 371 753 424 RHYTHM.
775 371 1015 425 cononlunsls
1035 371 1266 424 FRAGMENTA.

387 558 402 606 o
425 541 557 611 Ambos
578 539 719 623 nutristi3
741 539 868 606 diversa
888 563 947 626 per
968 540 1026 604 hos
1047 539 1209 622 meruisti3

423 624 525 689 Istum
547 624 667 707 iuvisti,
688 623 867 711 reliquum³
889 634 1018 723 gratum
1039 623 1210 710 pepulisti;

423 708 520 774 Hunc
542 708 691 774 exaltasti
711 718 743 774 te
764 731 851 774 nunc
871 707 1034 774 molentel
1056 719 1268 794 prementem,

425 791 520 857 Illum
541 794 667 858 vexasti
688 803 719 858 te
741 815 869 880 semper
890 795 960 858 iure
981 803 1131 858 tuentem.

423 883 544 949 Fertur
565 877 671 940 adhuc
691 877 816 980 iupenis
837 876 947 964 presul
968 876 1122 941 clamasse
1145 897 1278 963 sopore:

364 977 398 1026 ιο
422 961 565 1028 ‘Colonie
585 963 676 1047 penis
699 984 753 1026 ero
777 975 864 1028 certa
885 962 978 1025 ruina
999 960 1127 1028 dolore'.

421 1047 523 1110 Annis
545 1047 686 1132 septenis
709 1045 844 1133 Sapiens
866 1068 948 1131 puer
969 1056 1018 1110 est
1038 1068 1120 1131 pene
1142 1053 1262 1126 mutus,

425 1128 579 1195 Sensibus
601 1129 676 1194 binc
696 1128 800 1216 plenis
821 1129 907 1194 bona
951 1128 1066 1194 lurima
1087 1151 1162 1214 sepe
1183 1127 1326 1194 locutus.

426 1214 489 1286 §ie
512 1214 646 1300 Sapiens
667 1224 760 1279 natus
782 1215 867 1279 bona
888 1153 1027 1280 subticet
1048 1223 1080 1278 et
1100 1215 1263 1296 nocitura,

424 1297 482 1363 Ille
504 1320 539 1362 so
565 1310 672 1364 oratus
694 1301 740 1363 ait
760 1321 779 1362 a
801 1321 835 1364 se
856 1320 957 1385 prava
978 1298 1093 1364 futura.

367 1397 400 1448 15
422 1381 517 1454 Felix
540 1321 682 1465 bolonia,
706 1385 734 1447 si
755 1405 840 1448 nunc
862 1382 912 1448 vel
933 1384 1081 1446 acumine
1103 1381 1219 1446 mentis

425 1467 495 1534 Hec
517 1467 575 1532 tibi
598 1469 768 1553 presagia⁰
789 1468 915 1533 venisse
937 1489 996 1553 per
1017 1488 1130 1552 aspera
1151 1466 1267 1531 sentis!

424 1557 523 1623 llum
545 1550 604 1616 tibi
625 1562 712 1616 tutor
733 1551 824 1616 abest
846 1553 983 1638 sapiens,
1006 1573 1101 1636 quem
1125 1549 1346 1635 despiciebaS,

423 1634 474 1700 Ac
496 1658 665 1721 oppressor
685 1636 789 1719 adest3
812 1659 906 1723 quem
928 1647 983 1701 tan
1007 1657 1083 1698 uam
1104 1646 1207 1699 mater
1222 1633 1349 1718 alebas,

424 1720 488 1784 Hic
509 1731 540 1785 te
563 1719 735 1805 depressit3
758 1743 778 1782 a
799 1730 830 1785 te
852 1721 941 1806 prius
962 1659 1015 1784 ille
1036 1720 1178 1800 recessit,

368 1819 403 1867 20
426 1804 491 1884 Qui
506 1805 598 1890 quasi
613 1816 643 1869 te
659 1805 760 1890 gessit
774 1805 924 1869 humeris.
948 1804 1028 1870 ¹'libi
1043 1826 1111 1868 sors
1127 1803 1212 1866 mala
1227 1803 1345 1870 cessit:

423 1891 540 1962 Nutris
560 1887 689 1972 lesoreS,
710 1887 873 1974 expellens
895 1887 1051 1970 utiliores;

423 1972 510 2037 Hinc
531 1972 591 2039 tibi
613 1995 752 2038 merores
774 1974 888 2038 merito
910 1973 1002 2038 metis
1023 1981 1119 2057 atque
1140 1970 1292 2056 pudores.

424 2057 512 2120 Dum
535 2070 565 2122 te
588 2058 777 2143 prudentem
799 2056 884 2122 mala
904 2077 969 2121 non
989 2056 1113 2121 faciunt
1133 2055 1247 2137 aliena,

426 2140 545 2206 Saltem
567 2140 729 2226 lugentem
752 2141 864 2206 doceat
885 2141 980 2206 modo
1002 2142 1134 2226 propria
1154 2140 1256 2226 pena!

367 2240 402 2290 25
425 2225 525 2302 (huid
547 2226 672 2310 magis?
694 2225 806 2290 Elatus
829 2227 906 2290 dum
929 2225 1032 2290 taliter
1053 2225 1133 2289 urbe
1155 2225 1287 2310 potitur,

426 2309 544 2375 Omnia
588 2309 706 2376 relatus
728 2311 894 2397 presumit,
916 2311 961 2374 ibi
986 2332 1026 2373 ue
1049 2309 1174 2394 sopitur

423 2393 493 2458 Lex
515 2406 547 2459 et
565 2332 706 2476 libertas,
729 2395 786 2459 sed
807 2404 908 2459 totum
930 2331 1011 2458 velle
1033 2391 1168 2473 subitur,

423 2477 492 2542 Nec
514 2490 615 2544 metas
639 2489 741 2543 certas
763 2501 823 2542 nec
844 2480 894 2542 ius
917 2499 1047 2542 servans
1068 2477 1236 2562 reperitur.

423 2560 569 2632 'l'ollitur
591 2565 732 2649 impune,
755 2562 884 2626 domino
907 2561 1001 2627 datur
1022 2560 1063 2625 ad
1084 2582 1167 2646 pene
1189 2560 1336 2646 plenum,

367 2661 402 2709 30
423 2646 486 2709 Per
508 2669 605 2732 quam
628 2669 797 2711 commune
820 2646 961 2710 dandum
982 2646 1042 2710 fuit
1063 2668 1096 2710 es
1119 2643 1268 2709 alienum.
1294 2672 1296 2680 ¹

423 2730 523 2812 Tunc,
547 2755 609 2819 que
630 2731 714 2796 facta
736 2733 824 2817 prius
846 2729 975 2817 publico
999 2739 1133 2814 cogente
1155 2751 1296 2813 necesse,

423 2815 527 2880 Preda
549 2824 661 2901 patens
682 2816 795 2902 pocius
816 2815 930 2879 assisia
951 2815 1069 2878 dicitur
1090 2835 1169 2896 esse,

423 2905 590 2985 llampnis
614 2899 752 2965 debebat
773 2899 848 2964 belli
870 2921 994 2964 cessare
1017 2897 1128 2963 solutis
1141 2911 1162 2979 ¹,

422 2983 518 3048 Hanc
540 2983 751 3070 protendebat
772 2982 880 3070 presul
902 2983 1029 3083 populis
1052 2983 1145 3068 quasi
1167 2981 1278 3062 mutis3

367 3084 401 3134 35
423 3068 476 3132 De
501 3091 565 3155 qua
586 3067 790 3133 marcharum
813 3070 914 3153 recipr
936 3069 984 3134 bis
1006 3066 1095 3130 milia
1118 3088 1194 3130 sena

423 3153 479 3217 Ius
503 3161 578 3234 erat,
601 3153 769 3218 archarum
792 3163 866 3218 sunt
887 3163 1002 3239 postea
1022 3150 1110 3215 milia
1131 3150 1235 3236 plena.

422 3241 498 3308 Nec
521 3236 635 3300 modus
658 3247 713 3300 aut
733 3237 806 3300 finis
829 3237 889 3301 erit
908 3236 990 3300 hanc
1013 3235 1146 3321 predam
1166 3233 1315 3382 rapiendi

424 3319 514 3385 Velle
536 3322 627 3407 prius
649 3321 797 3403 dominis,
821 3322 882 3384 nisi
905 3320 987 3386 desit
1007 3343 1058 3384 res
1081 3319 1195 3404 cupien
1220 3319 1246 3400 i;
1284 3339 1287 3348 ¹

425 3403 530 3483 Quam
544 3404 679 3490 predam
694 3405 877 3490 publicaml
892 3407 946 3491 qui
961 3427 1055 3491 posse
1070 3413 1179 3468 tenent
1193 3403 1355 3487 capiendi,

366 3503 401 3551 4ο
423 3487 468 3553 Ut
489 3511 600 3553 verum
622 3489 737 3571 dicam,
760 3489 837 3576 quid
859 3511 924 3553 non
946 3499 978 3554 et
999 3488 1118 3552 habent
1138 3486 1299 3551 faciendi?

425 3573 607 3646 Quondam
630 3573 816 3638 subtrahere
839 3575 923 3639 bona
945 3572 1076 3659 publica
1103 3571 1139 3636 fit
1159 3569 1346 3657 peculatus,

423 3655 518 3720 Nunc
539 3679 643 3756 neque
666 3667 836 3722 concutere
858 3659 892 3722 vi
914 3657 1054 3722 creditur
1076 3677 1144 3720 esse
1166 3664 1283 3721 reatus.

424 3739 518 3805 Unde
541 3741 619 3827 qu1d
641 3741 774 3807 ecclesie
797 3741 836 3806 de
858 3743 966 3828 predis
987 3741 1111 3806 venerit
1131 3741 1209 3822 istis,

424 3824 506 3890 Urbi
529 3847 585 3890 seu
607 3828 710 3911 patric
731 3827 844 3891 recitat
865 3835 938 3912 post
959 3827 1077 3911 pagina
1097 3825 1205 3888 tristis.

365 3923 400 3972 46
422 3908 520 3995 Regis
542 3911 702 3996 principio
724 3909 888 3976 Wilhelmi
911 3933 1035 3996 queque
1056 3917 1174 3972 novata

424 3993 583 4060 Abiurata
605 3996 671 4059 scio
693 3993 889 4078 theolonia23
911 4017 945 4058 re
967 3992 1139 4080 publicata,

278 4191 300 4243 a)
317 4193 391 4244 reliqu
405 4205 422 4234 c.
483 4193 507 4246 b)
521 4196 552 4236 ita
568 4208 586 4237 c.
649 4194 670 4247 c)
687 4195 797 4246 prestigia
812 4206 823 4236 c
838 4206 897 4236 corr.
912 4200 936 4235 ut
951 4195 1035 4234 videtur
1050 4205 1068 4236 c.
1130 4191 1154 4244 d)
1169 4193 1271 4243 pblicam
1287 4202 1306 4232 c.

279 4323 307 4388 1)
325 4321 375 4446 10⁸5.l
393 4324 419 4386 2,
443 4342 468 4376 v.
491 4327 533 4375 76.
641 4327 669 4394 2)
689 4327 731 4380 De
759 4328 810 4378 bac
842 4345 871 4380 rc
899 4328 933 4393 cf.
964 4327 1132 4390 Weizrtcker,
1162 4325 1267 4377 ‘Rheba
1288 4323 1391 4389 Busd’,

272 4413 304 4461 P·
397 4413 450 4461 ⁸ilq·
