2924 5006
111 393 300 445 CHRONICA
319 395 431 446 REGIA
454 395 706 448 COLONIENSIS.
728 395 895 447 conum.
914 396 946 446 A.
960 397 1039 448 1208.
1108 397 1165 447 227

408 569 410 574 ’
438 569 607 620 Receceio
627 568 652 620 Ι.
671 577 701 619 ct
720 567 763 620 ΙΙ.

39 649 228 716 Coloniama
239 653 370 718 veniens
381 654 555 718 secundum
567 662 756 740 preceptum
760 675 867 801 papae
880 656 949 719 eius
962 655 1162 721 obedientiae

40 736 92 800 sel
122 735 339 819 submisisset,
372 739 469 802 ceteri
500 760 627 824 quoque
660 738 728 801 eins
773 749 900 802 autores
910 751 931 821 ⁰,
969 740 1101 805 comites
1131 751 1163 806 et

38 819 170 901 nobiles,
196 823 342 885 certatim
364 821 405 886 ad
428 822 566 886 eundem
587 822 751 886 venientes
772 820 933 888 fidelitatis
948 823 1161 888 iuramentum

38 905 254 990 prestitissent
290 916 322 970 et
359 905 489 971 obedire
511 908 747 992 promitterent,
777 905 953 992 languored
983 909 1162 993 corripitur,

38 998 68 1054 et
88 989 122 1051 in
145 998 254 1053 castro
277 989 363 1139 (prod
390 991 506 1054 dicitur
526 988 824 1054 Blankenberch⁰·¹
858 1013 916 1076 per
944 991 1066 1078 aliquot
1093 992 1162 1056 dics

38 1071 175 1137 inlecto
200 1074 284 1137 decu
307 1095 374 1156 ans,
404 1077 551 1161 sequenti
580 1075 631 1138 die
659 1084 734 1160 post
759 1074 876 1139 festum
905 1079 1048 1141 omniurn
1071 1098 1263 1142 sanc-roos.

38 1168 140 1222 torum
163 1167 270 1222 morte
290 1161 484 1244 prevenitur.
524 1158 650 1245 Oorpus
672 1161 740 1222 eius
759 1157 947 1223 Coloniam‘
967 1170 1163 1245 reportatum

39 1243 70 1304 in
103 1243 224 1305 maiori
259 1241 395 1308 ecclesia
432 1242 542 1308 beati&
570 1244 659 1307 Petri
691 1240 829 1328 apostoli
862 1265 935 1307 cum
967 1242 1098 1328 planctu
1132 1256 1163 1310 et

40 1324 180 1389 lacrimis
204 1324 415 1411 plurimorum
439 1326 601 1412 sepelitur.

120 1410 207 1474 Item
216 1411 256 1452 l*
288 1433 371 1474 anno
403 1411 535 1476 Domini
567 1413 664 1490 1208,
697 1410 739 1475 ab
768 1409 860 1475 Urbe
893 1421 1001 1475 autern
1033 1413 1164 1478 condita

44 1492 132 1574 1959,
163 1494 334 1580 completis
361 1497 402 1560 ab
426 1497 549 1582 origine
571 1494 685 1559 mundi
713 1495 821 1558 annisi
854 1517 912 1559 sex
934 1495 1063 1561 milibus
1086 1519 1163 1582 qua-

45 1577 222 1662 dringentis
245 1589 378 1666 septem,
401 1580 435 1643 in
449 1579 530 1644 festo
552 1581 656 1644 sancti
670 1579 800 1644 Martini
821 1579 908 1665 apud
923 1579 1274 1646 Frankinvortkrovnt

45 1660 274 1727 celeberrimus
298 1673 474 1728 conventus
496 1665 680 1750 principum
701 1664 786 1743 fuitl,
816 1673 848 1726 et
869 1672 904 1728 ut
925 1662 1033 1748 plures
1055 1667 1164 1730 testati

45 1753 114 1810 sunt
129 1747 186 1833 qui
200 1757 366 1832 presentes
381 1747 523 1830 aderant,
545 1770 611 1813 non
631 1750 665 1811 in
710 1747 832 1812 luribus
847 1747 939 1810 annis
961 1757 1009 1811 tot
1029 1748 1163 1833 nobiles,

43 1838 86 1894 tot
108 1841 260 1914 potentes
283 1831 414 1896 insimul
436 1834 632 1898 convenisse.
697 1831 730 1894 bi
747 1831 824 1898 Otto
846 1854 905 1896 rex
927 1831 1017 1896 93.**
1027 1831 1099 1896 loco
1121 1834 1163 1898 ab

7 1993 9 2000 Ι
43 1917 187 1998 Augusto
212 1915 255 1980 ab
278 1917 427 1982 omnibus
449 1917 539 1980 inre
565 1939 616 1981 em
632 1915 769 2002 eligitur,
792 1916 941 1979 diadema
962 1937 1036 1978 cum
1052 1915 1168 1982 lancea
1209 1951 1211 1960 ι

45 1999 200 2083 imperiali
217 2002 248 2064 ei
262 2002 452 2085 assignatur,
467 1940 689 2086 filial’hilippi
704 2002 790 2086 regis
812 2021 886 2063 cum
900 2001 1057 2064 universis
1080 2023 1163 2086 quae

45 2084 229 2166 possederat
251 2085 285 2148 in
308 2085 415 2148 dotem
438 2086 467 2150 ei
490 2085 612 2152 datur's.
658 2085 749 2166 Quae
772 2085 867 2148 etiam
890 2105 998 2148 coram
1027 2107 1103 2171 rege
1130 2095 1163 2150 et

44 2168 242 2312 principibus
265 2168 305 2233 de
327 2181 428 2234 morte
450 2171 551 2254 patris
574 2180 759 2255 conquesta,
779 2167 901 2232 iudicio
924 2169 1067 2233 omnium
1088 2191 1160 2254 pre·

64 2251 142 2315 irtus
172 2251 336 2338 palatinus
365 2263 397 2318 et
425 2255 495 2318 eius
521 2253 690 2318 lautoresm
718 2252 963 2338 proscribuntur
990 2262 1022 2317 et
1049 2252 1160 2340 damp-

45 2345 165 2400 nentur.
210 2337 263 2401 Ibi
278 2360 336 2402 rex
350 2339 465 2424 primo,
489 2337 605 2402 deinde
623 2339 720 2402 ceteri
735 2337 897 2422 principes
912 2337 1020 2401 iurant
1032 2336 1160 2402 firmam

44 2439 151 2502 pacem
174 2432 279 2486 terrae
301 2424 446 2508 marique
470 2421 671 2502 servandam,
694 2443 804 2485 omnes
826 2422 961 2484 iniustas
977 2423 1159 2486 exactiones

44 2503 247 2588 vectigalium
270 2506 485 2592 deponendas,
515 2508 623 2570 omnia
645 2507 740 2570 etiam
763 2507 835 2568 iura
856 2527 875 2568 a
896 2504 1017 2570 Karolo
1038 2505 1159 2590 Magno

46 2585 208 2652 instituta²
226 2589 426 2655 observanda
441 2601 473 2655 et
487 2589 635 2655 tenenda.
723 2589 874 2654 Genersli
889 2589 989 2674 igitur
1004 2588 1159 2656 electione

47 2668 193 2737 Coloniae
228 2675 347 2755 habita,
369 2673 531 2760 prioribus
564 2697 631 2738 non
663 2673 942 2754 concordantibus,
963 2695 1021 2737 rex
1053 2675 1158 2739 missis

45 2750 151 2821 litteris
172 2757 349 2822 adventum
372 2781 465 2822 suum
489 2758 657 2845 prestolari
678 2758 834 2845 deposcit.
879 2757 944 2838 Qui
966 2759 1062 2824 etiam
1084 2769 1158 2824 ante

45 2839 163 2904 natalen
199 2842 335 2907 Domini
372 2843 538 2908 Coloniam
573 2844 715 2925 veniens,
753 2864 826 2907 cum
858 2841 979 2906 honore
1015 2845 1158 2906 maximo

47 2925 227 3010 suscipitur,
249 2926 307 2990 ubi
327 2927 546 2992 Theodericus
554 2941 578 3008 ⁰,
601 2927 784 3013 prepositus
807 2925 998 2990 Sanctorum
1020 2925 1158 3011 Aposto-

47 3002 151 3090 lorum,
185 3011 256 3075 eius
288 3010 420 3075 consilio
448 3022 480 3076 et
507 3011 628 3076 auxilio
661 3011 702 3076 ab
732 3011 881 3074 omnibus
910 3011 943 3072 in
971 3009 1173 3096 episcopum'

48 3088 176 3176 eligitur,
193 3105 226 3159 et
240 3117 260 3158 a
275 3097 399 3159 cunctis
414 3095 576 3161 nobilibus
592 3107 695 3161 terrae
716 3095 788 3180 ipsa
810 3092 923 3158 electio
946 3093 1157 3179 approbatur.

47 3169 171 3259 Regalis
194 3200 323 3266 quoque
338 3181 378 3244 de
394 3203 492 3244 manu
515 3181 584 3244 eius
607 3179 794 3262 suscipiens,
817 3178 971 3243 ducatum
994 3177 1158 3262 Angariae

48 3293 80 3305 -
118 3261 268 3348 Philippo
309 3263 432 3330 feliciss
472 3265 646 3330 memoriae
691 3261 876 3327 Coloniensi
915 3260 1157 3347 archiepiscopo

48 3342 253 3412 aFriderico
282 3348 475 3434 imperatore
503 3348 697 3430 tradituw,
728 3368 769 3410 ex
793 3347 863 3409 ulso
891 3345 1046 3410 Heinrico
1074 3345 1157 3410 duce

48 3421 212 3514 Saxoniae,
245 3443 335 3517 patre
356 3433 459 3519 ipsius
481 3433 576 3518 regis,
601 3471 640 3480 -
662 3453 737 3495 cum
761 3369 882 3495 cl’ucatu
903 3429 1156 3516 Locharingiaer

102 3590 129 3658 *l
147 3595 200 3646 Per
219 3595 291 3646 idem
311 3602 416 3662 tempus
434 3599 463 3648 in
481 3597 550 3649 testo
571 3595 598 3647 0.

86 3661 129 3728 *ἢ
148 3669 192 3719 93.
212 3669 230 3719 l.
252 3671 286 3718 ab
305 3670 338 3720 Δ.
358 3670 413 3721 det.
434 3669 462 3722 0.

105 3734 129 3802 t)
148 3743 299 3808 assignatur
320 3741 347 3806 0,
367 3743 414 3793 ubi
432 3745 508 3806 Quae
530 3769 560 3780 -
583 3743 760 3809 dampnantur
779 3742 834 3794 dee.

49 3873 68 3926 ²)
83 3880 174 3928 Gelonis
191 3889 212 3930 θ.
241 3886 265 3939 b)
274 3889 330 3928 deest
346 3891 387 3931 01.
419 3886 549 3940 c)fsctoros
565 3890 586 3929 0.
619 3887 748 3939 clangore
765 3889 785 3928 0.
803 3887 846 3928 01.
859 3887 1036 3937 -promittitur
1050 3887 1155 3928 adstet.

49 3933 69 4002 0)
82 3939 241 3991 Blsnkenberc
258 3949 301 3999 Ol,
316 3960 343 3987 m.
356 3953 438 3998 poster.
455 3959 514 3990 corr.
530 3947 694 3996 Blandenberg
711 3949 756 3996 Ot;
772 3947 932 3994 Blanktnberg
946 3947 994 3986 Bl.
1046 3944 1158 3997 1⁴)plures

48 3991 108 4037 liaeus
122 4005 208 4046 assuas
224 4008 250 4055 O‚·
267 4007 363 4047 Coronis
379 4008 426 4048 Bl.
486 4005 510 4058 g)
527 4007 601 4046 sancti
617 4007 666 4048 Bl.
726 4004 750 4058 h)
759 4007 814 4044 deest
831 4007 871 4046 02.
933 4003 1006 4056 ilport
1020 4005 1091 4054 suppl.
1108 4005 1157 4046 Bl.

48 4049 290 4114 lerrnkonvorton
306 4066 510 4106 Franktnfortt‘t.
550 4064 567 4116 l)
581 4067 682 4116 perque,
698 4066 735 4104 ubr'
750 4065 794 4104 fuit
810 4069 835 4104 nt
850 4065 928 4104 etiam.
960 4061 1157 4113 mactatast.

49 4107 70 4159 r)
86 4121 167 4163 natans
182 4136 239 4164 corr.
256 4125 365 4165 satureo.
447 4125 470 4177 ο)
487 4125 559 4166 reos.
570 4126 591 4164 o.
683 4123 706 4175 p)
724 4124 789 4164 reru
805 4123 854 4164 Bt.
872 4125 893 4164 s.
912 4125 933 4165 o.
951 4123 995 4172 ca;
1019 4122 1107 4172 prone
1123 4125 1158 4164 or

49 4166 68 4218 q)
82 4173 194 4232 Mser-05
209 4183 285 4224 Lotus.
304 4185 344 4226 01.

51 4300 75 4366 1)
93 4310 126 4360 ad
142 4312 202 4384 Sisy
212 4314 337 4384 fluuium.
440 4314 469 4381 2)
490 4314 530 4382 Os.
549 4315 629 4367 Pacis
654 4316 772 4366 chartam
799 4332 816 4363 a
841 4311 979 4365 Friderico
998 4314 1023 4365 Ι.
1048 4316 1152 4380 dotum,

50 4375 110 4430 Acta
127 4384 186 4452 imp.
202 4409 232 4457 p.
254 4391 315 4440 130.
391 4388 420 4456 3)
442 4387 482 4456 ΟΥ.
502 4408 586 4456 supro
606 4407 631 4442 u.
655 4390 734 4449 1180,
749 4406 780 4454 p.
802 4387 868 4438 130.

861 4473 925 4535 15*
