2924 5006
82 398 265 451 CHRONIOA
274 399 386 450 REGIA
397 399 647 453 COLONIENSIS.
667 399 771 452 OONT.
781 399 835 451 ΙΙΙ.
846 399 879 452 Α.
893 399 971 451 1202.
984 399 1063 452 1203,
1102 399 1153 449 201

409 572 579 626 Becaaeio
599 573 624 628 I.
643 573 734 626 codd.
756 571 782 626 0.

14 681 15 684 ¹
49 656 196 722 conflictu
219 659 377 740 occubuit,
399 670 430 724 et
444 659 660 724 Herimannus
682 682 756 724 cum
776 657 842 722 filio
863 680 883 722 a
903 657 990 722 filio⁸
1012 657 1155 722 eiusdem

49 741 194 828 Symonis
210 764 248 806 ca
271 744 335 807 itur
352 755 384 809 et
398 743 542 809 custodie
557 745 768 830 mancipatur.

124 825 234 891 Ounra
257 849 294 892 us
306 828 414 914 episco
438 850 476 892 us
487 827 746 914 Herbipolensisb
759 829 793 890 in
802 826 883 890 festo
895 825 998 891 sancti
1008 823 1156 889 Nicholai
1165 847 1214 887 na.
1222 847 1244 889 0.

46 932 63 974 a
82 910 272 996 quibusdam
292 914 400 998 pravis
415 850 604 977 hominibus
626 911 796 977 crudeliter
819 910 983 974 occiditur.

221 997 272 1066 6.⁶
313 995 409 1062 Anno
433 997 612 1062 dominicae
634 996 862 1061 incarnationis
886 994 977 1059 1203.

122 1079 292 1166 Philippus
321 1081 388 1145 dux
416 1081 543 1163 Suevie,
572 1082 717 1146 exercitu
744 1079 850 1146 valido
879 1087 1081 1164 congregato,
1110 1079 1155 1141 in-

48 1164 135 1228 travit
153 1165 377 1250 Thuringiam,
400 1176 437 1231 ut
451 1166 707 1230 Herimannum⁴l
728 1163 946 1262 lantgravium
966 1161 1156 1245 humiliaret,

49 1269 80 1312 ea
99 1247 138 1312 dc
161 1270 261 1314 causa
304 1250 369 1314 uod
390 1250 497 1336 ipsum
518 1248 700 1336 reliquisset
722 1259 754 1314 et
776 1247 893 1315 Srfrido
915 1256 1026 1312 contra
1046 1247 1157 1312 volun-

47 1341 139 1396 tatem
155 1355 250 1398 suam
265 1272 432 1400 adhereret
446 1343 478 1398 et
490 1333 614 1399 foveret
629 1345 661 1398 et
676 1356 739 1420 quc
753 1334 788 1396 in
802 1331 946 1418 partibus
961 1330 1156 1416 'Phuringiee

48 1417 159 1482 reditus
181 1428 215 1483 et
235 1419 307 1482 iura
321 1419 508 1503 Mogontine
530 1418 599 1484 sedi
620 1426 725 1484 essent
746 1417 912 1482 attinentia
932 1417 966 1479 in
987 1416 1036 1480 sui
1058 1414 1158 1480 hostis

48 1521 114 1565 usus
145 1502 335 1588 redegisset.
386 1502 450 1568 Sed
481 1525 540 1588 per
571 1525 613 1568 ex
636 1502 789 1567 loratores
811 1502 948 1583 discens,
980 1499 1157 1586 palatinum
1226 1537 1230 1547 ι

13 1643 15 1650 ,
50 1587 190 1652 comitem
215 1609 289 1651 cum
319 1587 502 1673 quingentis
524 1525 679 1652 militibus
708 1595 741 1652 et
761 1585 911 1650 trecentis
946 1585 1103 1668 sargantis
1124 1586 1158 1647 in

13 1711 14 1714 =
49 1669 196 1734 auxilium
220 1669 530 1756 lantgravio·venire
558 1681 590 1736 et
610 1694 719 1756 regern
740 1671 873 1734 Boemie
896 1690 967 1732 curn
991 1669 1159 1754 sexaginta

49 1753 168 1820 milibus
198 1756 531 1842 approqinquantem,
575 1777 650 1819 rura
678 1776 804 1841 queque
833 1755 982 1840 proxima
1009 1753 1157 1817 incendio

13 1881 14 1886 κ
50 1843 249 1927 consumpsit,
282 1850 315 1905 et
341 1841 388 1904 sic
415 1840 570 1925 profugus
600 1861 673 1903 cum
702 1839 767 1903 suis
783 1838 920 1924 -Erpfort
951 1859 985 1901 se
1015 1835 1156 1902 contuht.

13 1975 14 1998 2
50 1923 112 2003 Quo
134 1923 334 2010 lantgravius
356 1933 529 2010 comperto,
552 1947 626 1988 cum
647 1924 769 1988 Boemo
792 1931 824 1987 et
844 1920 984 2007 palatino
1007 1922 1158 2006 omnique

13 2021 14 2064 ἱ
51 2029 135 2092 quem
158 2017 387 2074 contraxerant
409 2011 552 2072 exercitu
575 2008 738 2072 civitatem
759 2006 968 2087 vallaverunt,
993 2015 1157 2090 sperantes

13 2161 14 2176 ,
51 2112 78 2155 sc
96 2090 185 2156 illum
201 2091 354 2179 capturos
363 2093 383 2157 f.
407 2092 576 2178 Philippus
592 2104 700 2157 autem
714 2102 807 2156 nocte
828 2089 936 2154 media
949 2111 1022 2153 cum
1045 2089 1157 2175 paucis

51 2176 159 2258 exiens,
197 2176 242 2240 ad
278 2176 446 2241 orientales
480 2176 681 2240 marchiones
718 2199 751 2240 se
781 2173 922 2256 contulit,
958 2184 994 2238 ut
1028 2172 1156 2238 auxiliis

13 2265 15 2340 ξ
51 2261 210 2326 contractis
235 2282 364 2347 quoquo
378 2272 475 2347 pacto
490 2260 606 2325 milites
627 2259 767 2324 inclusos
789 2259 947 2329 liberaret,
990 2259 1157 2343 Principes

13 2341 15 2390 1
51 2354 146 2409 autem
168 2346 239 2409 eius
254 2346 432 2410 discessum
453 2346 629 2427 audientes,
652 2343 755 2409 soluta
774 2343 949 2426 obsidione,
970 2363 1041 2406 curn
1057 2343 1157 2407 90110-

50 2426 101 2492 bus
122 2429 237 2494 eadem
259 2429 383 2494 obsidio
413 2431 576 2514 viguisset,
598 2429 706 2493 habito
729 2428 871 2510 consili0,
895 2451 935 2491 ne
964 2427 1075 2492 darent
1095 2426 1157 2512 ipsi

51 2513 166 2598 copiam
188 2514 367 2579 exercitum
390 2514 616 2600 congregandi,
639 2515 799 2599 persecuti
822 2521 896 2576 sunt
918 2534 991 2576 eum
1013 2511 1157 2574 unanimi

13 2627 15 2648 ι
52 2616 210 2680 00000000,
244 2608 276 2662 et
303 2597 490 2664 invadentes
512 2610 611 2663 terras
634 2596 864 2680 marchionum,
898 2596 1005 2660 omnia
1025 2597 1156 2681 rapinis,

51 2679 195 2746 incendiis
219 2692 252 2747 et
272 2683 370 2746 variis
393 2682 626 2747 calamitatibus
648 2692 755 2768 partes
777 2680 847 2746 illas
869 2689 1059 2745 everterunt.
1095 2680 1156 2744 His

52 2763 88 2828 ita
107 2767 253 2852 patratis,
274 2789 334 2830 rex
356 2765 432 2831 Otto
455 2768 683 2854 superveniens
713 2788 785 2829 cum
808 2766 952 2829 exercitu
974 2774 1006 2828 et
1027 2762 1157 2850 applau-

13 2829 16 2920 1
52 2846 119 2914 dens
139 2851 188 2915 his
210 2873 274 2937 que
303 2851 496 2934 acciderant,
524 2873 595 2914 cum
621 2851 734 2915 fuisset
754 2848 971 2915 favorabiliter
992 2870 1012 2911 a
1033 2849 1156 2913 cunctis

13 2931 15 3004 1
53 2944 222 3021 susceptus,
256 2935 397 3000 decrevit
424 2958 497 2999 cum
526 2935 738 3021 principibus,
765 2943 801 2998 ut
827 2932 1029 2997 confirmaret
1056 2931 1156 2996 fideli-

13 3063 14 3102 3
52 3022 137 3082 tatem
158 3020 275 3084 Boemi
295 3018 367 3103 sibi,
397 3032 550 3106 quatenus
571 3019 658 3084 idem
680 3025 883 3083 coronaretur
904 3017 945 3081 ab
968 3037 1015 3085 eo.
1059 3016 1155 3096 Quod

13 3109 15 3166 l
54 3103 212 3167 attactum
241 3113 289 3168 est
316 3105 350 3167 in
382 3104 434 3168 die
467 3105 567 3169 sancti
588 3102 804 3168 Bartholomei
832 3100 1047 3185 sollempniter
1068 3100 1154 3185 apud
1164 3114 1219 3164 Aur·
1237 3114 1274 3154 ²⁴·

13 3169 15 3238 1
54 3183 244 3272 Marsburgs,
269 3201 473 3254 consecrante
496 3188 632 3253 eundem
647 3189 679 3251 in
702 3187 835 3272 regemh
851 3185 980 3250 domino
996 3182 1155 3267 Gnidone,

57 3292 246 3304 -—-—--
406 3331 567 3386 Rcceaaio
587 3333 628 3384 IL
648 3334 739 3386 codd.
757 3333 791 3384 B.

128 3424 267 3476 cunradus
288 3452 319 3462 -
343 3452 372 3462 -
394 3426 544 3477 hominibus
564 3427 704 3478 occiditur.
724 3447 760 3468 =
778 3424 904 3475 Rcccasio
923 3423 949 3475 1.

383 3512 412 3577 6.
455 3511 550 3574 Αο00
571 3509 705 3574 Domini
729 3512 820 3575 1203.

13 3585 15 3680 1
128 3619 267 3687 Philippus
280 3637 430 3672 --usus
440 3620 596 3686 redegisset.
616 3619 834 3685 Perpendeus
849 3624 957 3668 autem
971 3616 1156 3684 palatinum

13 3691 15 3748 1
58 3693 198 3743 comitem
225 3700 258 3744 et
280 3710 395 3759 regem
421 3694 559 3745 Boemic
584 3709 656 3743 cum
688 3693 829 3759 copioso
854 3693 1016 3742 exercitu
1041 3690 1098 3740 illi
1122 3693 1156 3741 in

13 3777 14 3810 i
58 3765 210 3818 auxilium
238 3770 389 3838 venisse,
416 3783 478 3818 rura
504 3783 609 3834 queque
634 3767 754 3832 proxima
779 3765 906 3816 incendio
933 3765 1104 3830 consumpsit,
1131 3770 1158 3816 et

13 3853 14 3880 ς
58 3835 89 3884 sic
111 3865 143 3876 -
167 3867 204 3878 —-
231 3840 291 3892 illas
318 3846 477 3892 everterunt.
520 3842 571 3891 His
595 3842 635 3890 ita
657 3841 777 3905 patratis,
803 3855 849 3889 rex
876 3840 940 3890 Otto
968 3839 1157 3904 superveniens

13 3901 14 3940 Ὗ
59 3921 108 3960 cum
133 3916 258 3978 exercitu,
286 3931 302 3964 a
332 3917 435 3965 cunctis
462 3913 644 3966 favorabiliter
673 3915 830 3978 suscipitur,·
860 3918 886 3963 et
914 3913 1039 3974 Boemus,
1068 3909 1156 3962 tideli-

13 4045 14 4048 ,
59 3985 104 4032 1010
135 3990 315 4052 promissa,
347 3989 380 4038 ab
408 3990 467 4056 ipso
498 3994 642 4038 coronatur,
670 3993 696 4037 et
728 3988 756 4036 in
783 3987 853 4037 festo
882 3987 968 4036 sancti
995 3984 1158 4035 Bartolomei

13 4075 14 4078 ¹
59 4060 196 4121 apostoli
233 4077 250 4112 a
278 4061 400 4112 (luidone
437 4061 570 4112 ecclesiae
596 4062 715 4111 Romane
744 4059 835 4124 legato
864 4059 935 4126 apud
961 4058 1103 4125 Marsbnrg
1130 4060 1158 4109 in

13 4159 14 4186 1

60 4215 139 4319 {lbcium
160 4225 208 4265 lilio
232 4236 273 4267 auo
297 4227 415 4277 eiusdem,
439 4237 454 4266 a
469 4230 517 4266 cat(
533 4194 592 4265 ¹*tilio
612 4229 664 4276 poet
691 4235 798 4274 uipereor.
816 4224 857 4264 02.
932 4219 961 4320 ὴὲ
976 4223 1082 4274 Erplbol.
1106 4223 1157 4274 015

61 4284 199 4388 1001111111.2
203 4316 208 4328 ⁸
250 4282 425 4396 mcitlslblluhbli
440 4345 480 4385 01.
495 4283 519 4338 d)
536 4285 698 4396 {prrrpgpngpp
712 4282 987 4392 §.liegemein'rchrltal'
1055 4280 1125 4334 ow
1140 4283 1156 4322 ί.
