2970 4996
222 405 409 459 ennomus
428 405 541 458 REGIA
561 406 950 460 COLONIENSISA.1158.
973 409 1053 459 1159.
1143 409 1192 458 101

446 579 610 632 Receneio
631 581 654 632 Ι.
675 583 767 635 could.
787 580 821 632 A.

155 664 281 730 Eodem
314 687 398 730 anno
427 665 515 751 apud
537 667 671 751 Papiam
697 666 882 731 Fridericus
906 665 1107 732 Coloniensis
1130 669 1195 754 epi-

65 770 190 834 scopus
215 749 304 816 obiit.

470 832 566 896 Anno
588 834 722 897 Domini
748 835 838 899 1159.

155 918 337 1002 Imperator
346 917 451 982 natale
464 917 597 981 Domini
610 919 643 981 in
658 918 842 982 Lonbardia
864 916 1014 1001 celebrat,
1050 920 1195 984 exercitu

64 1003 218 1086 regiones
240 1001 526 1066 Mediolanensium
561 1002 736 1067 obsidente.
773 1001 982 1068 Colonienses
1014 1025 1092 1067 vero
1124 1004 1194 1088 pari

66 1098 147 1150 voto
169 1098 203 1150 et
223 1087 387 1150 communi
410 1084 563 1150 electione
580 1086 770 1151 Reinoldum
792 1084 1019 1150 cancellarium
1037 1087 1070 1150 in
1091 1089 1195 1172 ponti-

69 1169 162 1234 ficem
187 1171 250 1235 sibi
271 1168 444 1254 elegerunt,
466 1170 522 1255 qui
537 1169 643 1234 adhuc
658 1172 691 1233 in
706 1169 800 1235 Italia
822 1191 893 1234 cum
908 1171 1100 1256 imperatore
1116 1180 1193 1240 erat,

155 1254 218 1316 His
257 1252 370 1318 diebus
406 1255 596 1339 imperator,
633 1253 813 1319 coadunato
854 1255 1003 1319 universo
1040 1257 1194 1338 exercitu,

69 1337 221 1402 Cremam
234 1339 346 1403 urbem
363 1339 608 1403 munitissimam
622 1361 680 1424 per
687 1348 811 1424 septem
819 1359 944 1402 menses
953 1361 993 1403 ex
1019 1339 1162 1424 ugnabat
1172 1352 1193 1402 ¹.

66 1421 114 1485 Hi
153 1433 261 1486 autem
300 1423 355 1506 qui
383 1423 417 1485 in
453 1422 534 1487 urbe
567 1433 657 1488 erant
690 1421 759 1488 loci
785 1423 962 1486 munimine
989 1361 1075 1504 listi,
1113 1423 1194 1487 duos

67 1504 286 1570 Tbeutonioos
299 1505 415 1570 milites
432 1517 542 1593 captos
554 1509 589 1570 in
603 1516 779 1592 conspectu
795 1508 934 1571 caesaris
949 1506 1192 1594 suspenderunt.

67 1590 199 1670 Quibus
222 1590 311 1672 visis,
333 1600 399 1654 tam
420 1591 596 1677 imperator
622 1613 719 1677 quam
741 1593 901 1656 exercitus
924 1590 1036 1655 urbem
1058 1590 1193 1656 assultu³

65 1672 267 1758 inpetebant.
323 1673 391 1740 Neo
413 1677 503 1761 pacis
525 1677 600 1739 autb
633 1677 745 1740 veniae
768 1674 857 1739 locus
880 1685 956 1754 erat,
980 1684 1028 1739 set
1072 1677 1194 1739 uicum·

89 1780 131 1823 ue
162 1770 226 1823 ex⁰
255 1767 391 1844 utraque
418 1769 509 1844 parte
539 1759 750 1844 capiebantur
777 1760 884 1824 statim
907 1697 1192 1842 suspendbbantur.

64 1781 196 1908 interea
224 1843 293 1907 dux
315 1842 477 1908 Saxoniae
500 1845 587 1907 circa
608 1854 713 1909 ortum
737 1843 907 1908 cuiusdam
928 1842 993 1907 diei
1016 1864 1090 1906 cum
1112 1841 1194 1906 mili-

65 1927 154 1994 tibus
177 1928 245 1992 fere
267 1929 309 1992 40
330 1929 415 2013 agris
438 1925 725 1992 Mediolanensium
747 1927 858 2006 astitit,
880 1925 1025 2011 viditque
1041 1947 1095 1991 eos
1110 1928 1194 2012 agri-

66 2011 212 2077 culturae
228 2033 358 2098 operam
374 2011 450 2076 dare
465 2021 497 2076 et
511 2013 617 2097 pone(¹
629 2011 882 2096 unumquodque
896 2020 1037 2075 aratrum
1053 2033 1069 2075 e
1094 2011 1194 2076 uitem

65 2105 229 2160 armatum
255 2095 414 2161 incedere.
458 2094 561 2159 Nacta
591 2118 667 2180 ergo
698 2096 922 2180 oportunitate,
953 2117 1027 2158 cum
1054 2033 1194 2159 clamore

66 2179 201 2246 militari
223 2181 256 2243 in
279 2201 333 2244 eos
354 2181 456 2244 irruit.
490 2180 566 2262 Qui,
588 2179 728 2244 dimissis
751 2181 875 2261 aratris,
896 2179 992 2264 fugae
1014 2179 1193 2264 presidium

67 2267 282 2350 arripuerunt.
319 2264 364 2328 At
384 2263 418 2326 hi
454 2264 563 2350 quiin
586 2265 714 2329 civitate
737 2272 836 2344 erant,
866 2264 936 2327 viso
959 2263 1050 2344 duce,
1081 2273 1192 2350 portas

68 2347 256 2414 clauserunt
284 2369 343 2413 nec
376 2347 534 2434 fugientes
568 2350 672 2413 socios
701 2349 948 2412 intromissumt.
997 2346 1086 2410 Alii⁰
1115 2370 1149 2412 er
1174 2367 1193 2410 o

67 2455 88 2497 a
121 2432 280 2497 militibus
312 2431 403 2495 ducis
438 2432 543 2516 occisi,
577 2431 631 2495 alii
664 2443 738 2496 sunt
770 2432 865 2518 capti.
911 2431 1035 2516 Captus
1064 2439 1113 2496 est
1145 2369 1192 2494 ibi

68 2537 87 2580 a
121 2517 207 2582 duce
246 2540 287 2583 ex
323 2514 617 2581 Mediolanensibus
651 2515 741 2580 miles
786 2515 1049 2602 pulcherrimusf,
1095 2515 1192 2580 armis

68 2601 207 2666 decorus
242 2622 280 2664 ac
315 2601 424 2664 sericis
452 2600 582 2665 indutus
615 2610 646 2664 et
674 2601 760 2664 omni
788 2598 1006 2664 membrorum
1039 2598 1193 2686 qualitate

68 2683 290 2771 spectabilis².
322 2685 402 2748 Dux
423 2685 532 2770 itaque
555 2683 680 2750 Cremis
702 2683 744 2749 ad
765 2684 991 2769 imperatorem
1013 2684 1191 2752 revertitur.

67 2811 273 2822 ,-...-..-...

409 2847 576 2900 Recensio
594 2847 635 2898 II.
656 2846 747 2899 codd.
769 2847 803 2899 B.
824 2845 852 2897 0.

155 2934 282 2998 Eodem
308 2943 454 3020 tempore
480 2934 664 2998 Fridericus
693 2931 892 2997 Coloniensis
919 2931 1192 3018 archiepiscopus,

70 3021 126 3104 qui
150 3028 220 3083 erat
241 3019 274 3080 in
292 3019 404 3082 eadem
420 3017 633 3102 expeditione,
657 3038 734 3081 casu
750 3016 790 3081 de
804 3037 888 3101 equo
904 3037 1065 3098 corruens,
1088 3017 1192 3101 ruptis

68 3101 287 3174 interioribus,
319 3111 392 3187 post
423 3123 543 3186 paucos
576 3102 644 3165 dies
677 3099 765 3187 apud
786 3101 922 3186 Papiam
955 3101 1056 3163 vitam
1077 3098 1192 3181 finivit,

69 3208 255 3274 corpusque
276 3187 344 3250 eius
366 3195 548 3251 exossatum
572 3184 743 3249 adsedem
764 3185 928 3269 propriam
949 3181 1084 3248 relatum
1106 3192 1163 3247 est.

253 3271 306 3334 8³³
355 3269 450 3334 Anno
472 3269 651 3334 dominicae
672 3268 897 3332 incarnationis
922 3267 1036 3332 naar

158 3355 290 3453 [Domnus
301 3355 309 3396 i
322 3367 466 3417 Reinoldus
484 3368 650 3431 imperatoris
673 3365 856 3428 cancellarius,
880 3351 920 3416 de
936 3372 999 3435 quo
1014 3349 1113 3414 multa
1127 3351 1191 3414 iam

68 3439 287 3525 premrsimus,
302 3439 374 3523 ipso
389 3439 582 3522 imperatore
594 3439 699 3501 missis
711 3446 743 3500 et
754 3437 880 3521 scriptis
895 3444 1023 3521 petente
1035 3444 1066 3498 et
1077 3455 1192 3519 sugge-

69 3533 169 3599 rente,
183 3535 399 3599 archiepiscopus
410 3533 576 3585 coloniensis
588 3535 700 3584 ecclesie
713 3533 819 3598 eligitur
831 3538 863 3582 et
879 3532 1115 3594 constituitur,
1134 3517 1192 3582 sed

68 3607 217 3671 nondum
239 3616 451 3670 consecratur.
495 3621 608 3672 Hisdom
623 3619 718 3670 diebus
732 3621 884 3687 imperator,
899 3619 1049 3670 coadunato
1067 3619 1191 3670 universo

70 3699 201 3758 exercitu,
220 3698 312 3746 urbem
327 3695 450 3747 Cremam
464 3695 667 3746 munitissimam
687 3694 879 3759 parmenses
899 3693 1080 3759 oppugnabat.
1114 3692 1192 3743 Hiis

70 3777 186 3822 autem
209 3773 266 3836 qni
286 3771 381 3820 intus
401 3774 500 3820 erant
519 3767 674 3818 viriliter
692 3767 989 3832 repugnantibus,
1016 3771 1047 3816 et
1071 3764 1192 3817 multis

71 3915 94 3969 a)
111 3918 201 3958 assaltu
218 3916 360 3966 appetebant
375 3916 417 3956 02.
448 3915 473 3966 b)
489 3925 516 3954 ac
532 3914 582 3954 Aa.
621 3911 642 3964 e)
657 3923 686 3952 ex
702 3924 724 3952 u.
741 3913 784 3955 aa.
803 3913 844 3952 01.
891 3911 914 3964 d)
931 3922 1003 3962 prope
1020 3911 1063 3951 02.
1105 3907 1127 3960 c)
1144 3910 1191 3950 Alit

73 3999 98 4007 -
115 3977 178 4026 capti
200 3976 243 4016 aas.
260 3974 309 4014 Ar,
354 3973 553 4026 opulcherrimts
575 3983 596 4015 a.
619 3972 709 4013 decoris
725 3971 773 4012 ΑΞ.
790 3987 819 4006 =
834 3969 858 4022 a)
876 3972 895 4011 t.
912 3971 956 4012 02.
1005 3968 1029 4020 h)
1049 3968 1111 4009 1159.
1132 3979 1190 4008 corr.

72 4036 139 4078 1158.
156 4035 198 4075 02.
266 4033 283 4084 i)
298 4034 403 4074 Domnus
420 4055 446 4064 -
464 4042 560 4083 cynares
577 4031 667 4079 redegit
681 4032 724 4070 des.
742 4031 785 4070 Bl.
803 4031 846 4082 02,
874 4031 912 4080 qur·
926 4029 1076 4069 narrationem
1097 4028 1192 4067 teatrum

72 4095 104 4134 A:
121 4096 254 4144 Imperator
270 4093 399 4134 coadunato
416 4095 525 4132 universo
542 4111 568 4120 -
586 4090 644 4130 felix
659 4094 756 4139 uterque
773 4089 804 4143 (p.
823 4087 874 4141 103)
890 4093 996 4139 repetunt.

75 4192 102 4258 1)
132 4188 324 4253 ‘Quaecunque
344 4189 376 4240 ale
397 4187 503 4240 Oremem
523 4185 658 4238 obsidione
684 4183 794 4250 prodita
819 4183 978 4248 invenimus,
1006 4199 1053 4235 eae
1080 4181 1198 4232 maxima

74 4281 104 4315 aa
119 4270 201 4329 parte
220 4261 442 4313 narratiunculae
461 4269 530 4324 sunt,
550 4259 621 4311 unde
641 4259 677 4308 ad
695 4275 737 4310 rea
755 4262 842 4325 pertas
860 4257 1051 4325 oopuoecendaa
1064 4255 1133 4306 nibil
1150 4272 1190 4305 re⁴

73 4337 197 4388 denotare
211 4333 314 4401 poseit’.
339 4335 479 4388 Lehmann
492 4351 524 4399 p.
545 4335 588 4384 37.
665 4331 693 4397 2)
714 4329 754 4397 dy.
776 4331 885 4382 similem
908 4330 1090 4382 narrationem
1110 4328 1190 4378 Gesta

74 4409 149 4461 rna.
169 4409 224 4470 IV,
244 4409 288 4459 46.
