2934 4998
301 377 353 428 288
393 375 580 429 ΟΗΒΟΝῙΟΔ
599 375 714 428 REGIA
734 373 986 428 COLONIENSIS.
1007 374 1108 426 CONT.
1119 375 1152 424 V.
1170 374 1205 425 A.
1217 373 1296 424 1245.
1309 372 1398 424 1246.

300 555 445 631 tempore
467 553 541 630 post
562 542 732 607 concilium
756 541 950 607 celebratum
976 541 1062 606 idem
1083 563 1171 642 papa
1189 541 1280 605 misit
1299 538 1433 626 Philip-

301 651 379 716 pum
409 628 668 693 Ferrariensem¹
697 627 834 691 electum
870 627 903 689 in
932 625 1181 708 Teuthomamb,
1217 626 1358 689 incitans
1397 633 1434 687 et

301 713 474 779 exhortans
510 712 674 798 principes
716 710 758 774 ad
799 708 982 810 eligendum
1018 731 1139 774 novum
1176 731 1297 794 regem.
1359 707 1433 788 Qui

301 797 469 863 transitum
492 795 611 860 faciens
633 795 726 859 iuxta
737 793 915 876 Oolonram,
938 794 1120 859 conductuc
1142 792 1253 858 domni
1275 791 1432 878 episcopi

303 880 502 947 coloniensis
529 879 570 943 ad
598 878 832 964 lantgravium¹
862 877 1039 964 Thuringie
1067 879 1228 964 pervenit;
1260 875 1319 963 qui
1349 895 1432 940 eum

301 964 441 1050 benigne
462 963 600 1049 recipitil
622 969 769 1048 aspirans
791 961 833 1026 ad
854 984 999 1047 regnum.

679 1047 774 1111 Anno
796 1047 930 1111 Domini
953 1047 1045 1130 1246,

229 1133 389 1201 rancura
416 1131 518 1232 quadr
563 1132 695 1196 esimam
725 1129 856 1217 quidam
877 1129 976 1217 Apuli
1004 1133 1051 1201 de„
1070 1128 1191 1193 familia
1216 1127 1431 1214 imperatoris
1459 1211 1460 1216 ἵ

227 1219 293 1261 'sm
304 1215 442 1302 depositi
468 1237 539 1278 mac
564 1216 691 1279 inantur
721 1216 756 1278 in
787 1225 922 1280 mortem
951 1214 1104 1297 eiusdem,
1141 1235 1278 1301 quorum
1311 1222 1432 1277 auctor
1458 1231 1460 1298 ξ

302 1310 370 1366 erat
391 1297 597 1364 Theobaldus
616 1297 741 1386 Apulus
762 1301 971 1384 prenomine²
993 1299 1193 1363 Franciseus.
1238 1297 1314 1377 Quo
1338 1317 1432 1360 com·
1459 1301 1460 1384 i

325 1394 392 1449 erto
420 1384 595 1468 imperator
622 1406 681 1470 per
708 1383 926 1448 comitissam³
954 1384 994 1449 de
1016 1383 1179 1464 Oaserae,
1212 1382 1307 1445 cuius
1339 1379 1429 1444 filius
1458 1389 1460 1460 i

301 1406 440 1535 duxerat
467 1466 565 1530 filiam
593 1467 795 1553 imperatoris
816 1466 1003 1549 naturalem,
1036 1489 1111 1532 cum
1136 1473 1222 1532 esset
1246 1467 1431 1552 imperator
1458 1465 1460 1602 1

302 1553 389 1638 apud
413 1550 602 1616 Grossetum
625 1551 780 1652 oppidum
796 1551 941 1634 Tuscie‘‚
963 1551 1151 1616 festinanter
1171 1550 1318 1614 venitin
1334 1547 1428 1634 Apu-

301 1635 387 1701 liam.
445 1635 541 1700 Unde
573 1636 675 1700 territr
711 1634 895 1721 proditores.
925 1645 958 1701 et
994 1635 1138 1700 consciis
1175 1632 1428 1720 conspirationis

303 1730 415 1785 contra
435 1720 551 1805 ipsum,
575 1719 776 1784 contulerunt
790 1741 824 1784 se
843 1721 877 1783 in
892 1730 1032 1784 castrum
1047 1719 1134 1807 quod
1148 1728 1283 1783 vocatur
1294 1716 1345 1782 Oa
1373 1737 1427 1780 ua

302 1805 382 1869 tium
392 1815 414 1890 ⁴,
438 1807 535 1868 situm
557 1805 677 1890 suprah
700 1825 798 1886 mare,
828 1804 954 1868 circiter
974 1803 1124 1870 numeroi
1146 1802 1287 1868 ducenti.
1369 1823 1427 1866 uos
1459 1861 1460 1890 3

203 1906 247 1948 ru.
257 1905 292 1946 rs.
301 1889 475 1974 imperator
496 1887 618 1953 ibidem
640 1888 776 1969 obsedit,
803 1897 836 1952 et
855 1911 964 1954 mense
986 1887 1069 1974 Iulio
1092 1889 1237 1973 sequenti
1258 1885 1425 1951 redditum
1459 1913 1460 1916 ¹

303 1982 352 2037 est
373 1973 403 2037 ei
433 1981 584 2036 castrum.
630 1971 873 2057 Conspiratores
899 1981 1007 2037 autem
1034 1993 1142 2037 omnes
1166 1970 1337 2036 excecavit
1362 1969 1424 2058 [eti

302 2066 377 2143 post
403 2055 567 2140 aliquanto
594 2065 738 2142 tempore
764 2057 1004 2146 concremavit]‚
1036 2079 1134 2142 super
1159 2077 1295 2142 quorum
1324 2054 1424 2140 capti·

303 2141 402 2206 vitate
424 2138 606 2205 Coloniam¹
629 2163 646 2204 e
670 2139 796 2204 istolam
824 2142 912 2205 misit
921 2151 942 2210 ⁵.
1029 2138 1113 2205 Ante
1141 2139 1203 2204 hoo
1229 2151 1365 2225 tempus
1393 2139 1424 2202 in
1459 2153 1460 2186 ³

182 2240 248 2280 lert·
257 2239 293 2280 ³1·
303 2223 414 2309 vigilia
423 2235 443 2265 ¹¹¹
455 2223 634 2309 palmarum
646 2163 823 2289 lienerius¹¹
839 2221 1009 2288 cardinalis
1032 2246 1105 2288 cum
1120 2223 1245 2288 civibus
1256 2223 1424 2287 Perusinis

304 2317 335 2373 et
361 2306 470 2372 multis
496 2307 718 2374 adiacentibus
745 2307 874 2394 populis
905 2330 1001 2374 cruce
1034 2308 1168 2393 signatis
1196 2308 1317 2372 invasit
1338 2305 1424 2371 Full-
1459 2361 1460 2370 ,

303 2393 416 2478 ginum
448 2393 622 2474 civitatem,
658 2415 720 2479 que
751 2393 880 2459 favebat
910 2392 1097 2492 imperatori
1130 2392 1275 2477 deposito
1283 2402 1306 2455 ⁶.
1364 2389 1427 2460 Oui,
1454 2399 1460 2456 ⁴.

307 2486 510 2542 occurrentes
532 2477 729 2562 Fuliginates
751 2485 783 2540 et
806 2475 972 2562 Spoletanr
994 2480 1091 2560 cives,
1113 2476 1330 2541 conflixerunt
1350 2496 1421 2540 cum

304 2563 359 2644 eis,
382 2561 496 2647 paucis
511 2560 738 2626 Teuthouicis⁰
761 2582 815 2625 eos
830 2558 1068 2642 adiuvantibus,
1091 2583 1149 2625 sex
1167 2559 1296 2625 milibus
1321 2581 1360 2624 ca
1382 2561 1421 2624 tis

306 2645 346 2709 de
379 2646 524 2708 exercitu
551 2644 797 2726 Perusinorum;
831 2644 918 2729 quod
951 2643 1056 2709 dietus
1088 2646 1264 2731 imperator
1296 2581 1420 2708 civilus
1459 2709 1460 2728 2

305 2726 571 2793 coloniensibusv
593 2751 652 2814 per
673 2727 840 2813 epistolam
862 2728 1022 2813 patefecit.
1458 2743 1460 2766 ¹

240 2822 294 2863 Ναὶ·
387 2813 499 2876 Mense
520 2813 607 2876 Maio
634 2812 771 2876 domnus
801 2812 1063 2899 archiepiscopus
1087 2811 1287 2877 Coloniensis
1317 2809 1421 2896 predi·
1458 2837 1460 2886 i

304 2896 390 2960 cavit
411 2906 443 2960 et
468 2897 562 2961 iussit
582 2896 742 2982 predicari
764 2897 907 2960 crucemi
939 2907 1050 2961 contra
1076 2897 1303 2982 imperatorem
1325 2894 1419 2979 depo·
1457 2889 1460 2988 1

303 2981 410 3127 ptum,
422 2981 509 3126 qpod
519 2981 608 3066 prius
624 2980 665 3046 ab
681 2978 921 3066 archiepiscopo
934 2981 1124 3066 Moguntino
1137 2989 1168 3046 et
1178 2978 1249 3043 aliis
1261 2979 1418 3066 episcopis

318 3072 427 3128 actum
462 3066 517 3129 uit.

388 3147 513 3213 Eodem
544 3169 627 3212 anno
655 3169 764 3212 mense
792 3149 880 3212 Maio
910 3158 942 3212 et
967 3148 1061 3212 Iunio
1090 3157 1178 3212 tauta
1205 3148 1266 3212 fuit
1287 3147 1417 3232 penuria

304 3252 429 3296 annone
470 3231 612 3314 Colonie,
649 3241 685 3295 ut
717 3253 790 3296 raro
823 3233 916 3318 panis
953 3232 1150 3297 inveniretur
1184 3231 1317 3296 venalis.
1378 3230 1416 3293 Et

302 3317 336 3380 id
373 3328 434 3380 eoi
467 3316 644 3396 acciderat,
677 3317 752 3401 quia
783 3317 869 3380 cives
908 3325 1099 3398 statuerant,
1138 3315 1225 3400 quod
1263 3313 1415 3380 maldrum

304 3439 328 3492 a)
342 3441 466 3482 Ferrarius
482 3443 532 3482 Da.
592 3440 617 3493 b)
634 3443 772 3484 'teutoniam
788 3443 837 3484 Da.
899 3439 920 3494 c)
935 3443 1073 3482 conductum
1090 3441 1168 3482 DLt.
1229 3440 1253 3494 d)
1269 3441 1416 3492 recepitur.

304 3499 327 3552 e)
344 3501 440 3542 caserta
455 3502 503 3544 Μ,
549 3499 734 3553 witonem.
781 3500 805 3554 g)
822 3512 900 3552 consp.
917 3502 1001 3550 alit.
1044 3499 1068 3552 h)
1083 3511 1153 3550 super
1169 3501 1208 3542 Dt
1261 3499 1279 3552 i)
1297 3501 1414 3541 aemili.

303 3560 329 3613 k)
345 3565 369 3600 et
386 3581 409 3590 —-
428 3561 584 3601 concremavit
598 3561 641 3601 des.
657 3561 678 3600 D
688 3563 712 3610 13
722 3561 820 3610 sortasse
832 3565 882 3610 post
899 3565 998 3601 castrum
1013 3561 1122 3610 ponenda.
1162 3559 1180 3612 i)
1196 3559 1374 3601 coloniensibus
1388 3570 1414 3600 m.

304 3630 339 3669 ep.
356 3619 403 3662 112,
463 3620 497 3670 m)
512 3621 538 3660 in
553 3623 620 3660 sexta
635 3631 657 3670 p.
674 3621 725 3662 Dl.
786 3618 810 3670 n)
827 3620 931 3660 Rsnerus
947 3621 997 3660 Da.
1059 3617 1082 3670 o)
1099 3619 1212 3661 Thsuton.
1229 3620 1270 3659 Da
1290 3621 1415 3670 plerunque.

303 3675 329 3729 p)
345 3688 388 3728 per
408 3689 446 3730 ep.
468 3679 519 3720 001.
536 3679 585 3718 Da.
646 3676 670 3729 q)
686 3679 739 3720 ideo
755 3679 841 3720 accidit
855 3679 905 3721 Da.

306 3771 335 3840 1)
353 3771 512 3825 Heinn'eum
531 3773 629 3840 Ruspe.
667 3771 701 3826 A.
776 3775 806 3840 2)
827 3773 889 3825 Non
907 3773 1060 3838 Bioneiseo,
1090 3774 1137 3826 aed
1167 3773 1317 3826 Theobaldo
1344 3791 1415 3840 pruc-

303 3864 398 3898 nomen
412 3847 472 3914 fuit
491 3849 594 3899 auctori
613 3845 813 3911 coniurationis,
832 3863 858 3900 a.
876 3847 998 3900 Burthcl.
1018 3848 1086 3910 Ser„
1107 3846 1157 3898 SS.
1178 3845 1293 3910 XVIII,
1309 3864 1338 3913 p.
1359 3848 1414 3898 220.

305 3928 329 3971 et
353 3936 412 3986 epp.
438 3919 580 3983 Friderier',
604 3920 842 3972 Rulliani-Bran
873 3920 920 3984 VI,
945 3919 1007 3972 402.
1027 3922 1090 3971 442.
1135 3918 1162 3970 0.
1255 3918 1286 3985 3)
1311 3919 1414 3972 Consen-

304 3992 373 4044 tiunt
398 3995 541 4046 Minoritue
566 3993 716 4045 Florentini
743 3993 823 4044 Gesta
850 3991 951 4059 imper„
978 3993 1029 4046 Su.
1055 3993 1148 4044 XXII.
1171 4009 1201 4059 p.
1228 3994 1292 4044 514.
1335 3993 1415 4045 Maior

298 4065 417 4130 fontium
443 4085 512 4134 para
543 4067 659 4118 comitem
690 4067 723 4118 de
756 4065 865 4118 Oarertu
903 4068 1124 4133 conspirationem
1161 4064 1291 4118 carmin
1322 4067 1412 4129 dicuni,

304 4157 331 4190 o.
350 4137 556 4202 Schirrmacher,
586 4139 695 4192 ‘Kaisar
722 4139 869 4192 Friedrich·
897 4140 917 4190 I
921 4140 951 4204 V,
975 4157 1007 4206 p.
1035 4141 1099 4191 421.
1122 4137 1149 4190 (l.
1225 4140 1255 4204 4)
1285 4137 1412 4206 Capaneia.

307 4209 336 4277 5)
356 4209 419 4263 Sine
444 4213 524 4265 dubio
549 4212 660 4265 similem
683 4212 731 4276 ill',
762 4229 830 4277 quae
854 4214 891 4265 ad
910 4211 1051 4279 Alfonrum
1075 4213 1145 4280 repis
1164 4212 1302 4265 Francius
1321 4215 1411 4278 primu·

303 4281 422 4349 penitam
441 4286 542 4338 directa
561 4287 657 4354 lepitur
675 4287 752 4352 apud
770 4285 878 4337 Petrina
898 4286 930 4338 de
956 4286 1040 4338 Vinea
1059 4285 1101 4349 II,
1122 4287 1165 4334 20.
1198 4286 1232 4338 Α.
1309 4285 1338 4351 6)
1356 4285 1411 4338 Vide

306 4353 442 4420 epistolum
461 4359 626 4424 imperatoria
646 4375 690 4424 up.
710 4359 818 4410 Petrum
836 4359 869 4411 de
890 4359 974 4411 Vinea
993 4359 1034 4424 11,
1054 4359 1099 4412 21.
1138 4357 1173 4411 Α.
