2944 5002
234 385 389 438 MARTINI
409 384 657 438 CONTINUATIO
676 384 930 438 COLONIENSIS.
1115 383 1169 434 365

28 553 286 640 Asipnorumi,
302 554 491 632 [dominnsh
506 553 593 619 mille
608 553 819 633 memborum]
836 563 1005 640 custosque
1016 555 1168 640 spelunce

30 637 215 720 crucifixi,
236 661 356 724 mapno
376 639 538 703 sacerdoti
550 639 773 702 Romanorum
788 641 959 724 praciam?
981 660 1080 722 quam
1090 639 1167 723 pal·

25 726 133 809 pitat
189 723 365 786 ueritanelo
398 732 426 786 et
457 723 593 786 salutem
625 744 723 806 quom
756 723 922 787 visitando
950 733 1167 807 promeretur.

39 745 261 871 Orthoelone(¹
282 807 366 888 fidei
390 806 665 892 fundamentum,
695 808 953 871 christianorum
982 808 1166 892 sapiencia,

34 891 147 956 robor
171 891 393 972 discretorum,
411 892 633 976 prudencium
649 891 818 976 fortitudo
841 890 959 956 simule
982 891 1108 955 omniar
1129 894 1167 956 in

35 975 198 1058 capitis?
211 976 261 1038 tui
275 975 390 1040 adlata
406 984 483 1039 sunt
497 974 636 1039 reclusa.
670 977 867 1056 Thesaurus,
884 975 926 1040 a¹¹
943 998 1004 1075 quo
1022 974 1168 1040 locorum

36 1059 231 1143 [plurima
243 1061 416 1144 sapiencia
428 1069 457 1123 et
463 1060 652 1144 prudencia
662 1061 910 1144 predicanturJ,
926 1059 1036 1146 eupillo
1051 1063 1167 1126 intimo

37 1145 80 1208 in
106 1144 288 1208 cincinnok
309 1145 438 1208 verticis
454 1153 506 1208 tue
520 1143 693 1230 collipatus
714 1146 894 1229 requiescit,
916 1146 1072 1209 memoria
1093 1146 1166 1209 tua¹

38 1237 179 1312 strepet,
201 1229 254 1292 in¹
277 1230 478 1312 insipiencia
492 1227 636 1309 vacillat,
659 1227 805 1293 stulticia
820 1228 990 1294 ebetescitin
1006 1230 1166 1315 oertipine

39 1321 72 1375 et
97 1311 275 1376 stultorum
296 1323 406 1377 more¹¹
418 1313 583 1397 fatiscit0,
612 1315 670 1397 qui
686 1322 786 1397 poter
808 1313 929 1377 diceris
952 1322 980 1376 et
993 1311 1079 1395 filiis
1101 1315 1167 1378 tuis

40 1405 117 1460 tam
140 1397 300 1460 inaudita
327 1397 417 1462 mala
444 1397 660 1460 machinaris.
706 1397 883 1482 Princepsr
906 1397 1112 1462 Breucorum
1139 1408 1168 1461 et

42 1480 112 1544 alii
134 1480 245 1566 repuli
267 1493 376 1566 sperni
399 1481 459 1546 tibi
475 1489 643 1566 ponentes,
673 1480 787 1545 baculo
818 1481 1005 1545 arundineo
1035 1481 1166 1564 similes,

40 1563 137 1630 oelut
151 1574 292 1649 stuppar
307 1574 495 1630 evanescent
512 1574 541 1628 et
554 1568 638 1630 sicut
648 1565 769 1649 fumus
782 1566 971 1648 repentino³
992 1575 1083 1630 uento
1098 1589 1166 1630 nno

31 1649 134 1734 flatu
170 1659 409 1714 consumentur.
462 1651 510 1714 Tu
544 1649 641 1713 habes
677 1648 818 1734 paleasi,
854 1671 914 1713 nos
950 1653 1094 1730 ursinos,
1131 1660 1166 1714 tu

43 1732 172 1798 classes
179 1744 204 1815 ¹¹,
219 1756 279 1798 nos
293 1735 548 1821 turpenanclosi’,
568 1743 604 1798 tu
619 1755 732 1815 nares,
746 1755 805 1797 nos
821 1735 983 1798 inetur.
1004 1735 1048 1797 Et
1063 1735 1166 1820 quid¹

45 1816 178 1882 mattas
190 1821 309 1902 parnis
325 1817 569 1883 annumerabo?
596 1816 685 1890 Quia
706 1818 766 1882 niel
780 1816 959 1882 moliendoz
975 1828 1091 1882 contra
1105 1840 1166 1882 nos

46 1904 196 1988 copitare
210 1904 346 1988 poteris,
369 1912 468 1968 totum
486 1912 562 1966 onte
573 1841 811 1987 provtdbmuss,
834 1903 884 1965 etl>
905 1911 1039 1966 motura
1053 1902 1167 1967 clelibe·

47 1987 187 2051 racione
217 1997 355 2072 portus,
396 1989 441 2052 ael
473 2009 553 2071 quos
586 1986 757 2071 applicare
780 1988 924 2071 poteris,
959 1990 1167 2062 munientes⁶‚

48 2071 155 2135 nichil
183 2073 338 2152 timemus,
368 2072 436 2135 nisi
465 2071 553 2156 quael
585 2071 708 2155 decepti
740 2092 816 2134 occu
843 2073 973 2135 aciones
1002 2071 1169 2156 plurimas

49 2157 273 2219 ammittimns.
315 2155 398 2234 [Eri
421 2163 457 2234 o]
471 2155 580 2239 qualis
599 2165 705 2240 pater,
729 2156 788 2238 qni
800 2093 893 2236 yllus
916 2177 982 2218 non
998 2154 1168 2221 naturali⁰

48 2249 161 2320 morte,
184 2241 240 2304 secl
261 2240 368 2304 subita
386 2239 545 2326 perderes
566 2263 632 2304 non
644 2239 839 2324 formidas?
879 2237 933 2303 An
943 2249 1058 2324 putas,
1081 2239 1169 2324 quocl

48 2323 241 2409 pharetris?
276 2346 465 2404 careamus,
509 2324 589 2410 quib
614 2323 706 2406 filios
733 2332 806 2387 tuos
835 2323 881 2387 ad
914 2346 974 2387 nos
1010 2326 1060 2388 ire
1087 2347 1168 2388 com-

45 2405 157 2494 pellis,
177 2417 213 2471 nt
234 2411 374 2494 sapittas
396 2418 528 2472 nostras
543 2407 741 2494 [sanquine
763 2409 912 2492 ipsorum
933 2405 1169 2487 inebriandus]

51 2494 90 2558 in
124 2515 155 2556 se
189 2494 371 2557 recondant
405 2502 434 2556 et
464 2495 593 2556 oioaces
630 2495 761 2557 animas
793 2494 830 2556 in
857 2491 991 2577 formas
1018 2491 1169 2556 mortales

52 2577 455 2658 innnaisktransutmre,
470 2601 543 2642 cum
557 2577 680 2654 tamen¹
693 2578 830 2660 spiritus
842 2578 983 2640 amissus
996 2579 1167 2642 secundom

52 2661 161 2725 redire
196 2671 402 2747 contempnat
437 2671 467 2726 et
502 2661 590 2748 quael
610 2663 713 2746 prius
742 2660 903 2726 ‹lileuerat
936 2662 1006 2725 iam
1030 2663 1168 2747 penitus

55 2745 286 2810 abhorrescat?
330 2745 422 2832 Spon
445 2746 578 2830 specula
599 2745 721 2832 pamelii
735 2769 757 2810 a
772 2769 835 2831 quo
857 2745 1031 2810 subversa?
1053 2746 1168 2810 Iberu-

54 2828 152 2894 salem
186 2831 426 2915 speciosissima
462 2853 483 2894 a
519 2852 581 2914 quo
607 2829 768 2915 funditus
800 2829 983 2894 destructa?
1037 2830 1169 2895 Accon¹¹

52 2916 280 3000 potentissima
303 2937 324 2978 a
345 2937 407 3001 qno
423 2913 610 2979 desolata0?
655 2912 799 2997 Tripolis
810 2913 1043 2998 famosissima
1066 2937 1087 2977 a
1106 2936 1169 2999 quo

56 2997 265 3063 devastatai'?
300 2999 419 3064 Nonne
436 3021 500 3084 per
522 3021 582 3062 nos
601 2998 684 3062 34011
706 2997 810 3078 urbes,
834 3020 917 3082 qaas
929 2994 1061 3081 famuli
1085 2997 1166 3062 Cru-

55 3082 146 3230 ejhni
173 3094 354 3164 renerant‘,
383 3093 493 3147 nostro
522 3083 667 3147 dominio
689 3081 918 3147 subiciuntur?
963 3083 1012 3146 Tu
1039 3082 1169 3166 quidem

93 3169 140 3232 ios
167 3168 216 3230 ire
239 3167 401 3252 compellis
429 3177 458 3232 et
480 3166 586 3232 solns³
615 3188 680 3230 non
709 3167 893 3248 antecedis,
922 3173 958 3229 tu
978 3164 1070 3246 filios
1097 3174 1170 3229 tuos

57 3253 119 3315 ire?
139 3251 175 3315 in
201 3273 292 3315 mare
309 3250 639 3336 procellosissimum¹¹
651 3250 781 3335 facis',
810 3250 868 3314 uhi
888 3259 1023 3313 nostrew
1046 3248 1169 3336 Syrtes,

60 3335 152 3416 Cilla,
175 3333 327 3401 Caribdis
345 3336 504 3421 furiunt,·
526 3358 629 3399 mann
650 3335 803 3419 quidem¹
827 3334 977 3414 ostendis,
1000 3332 1056 3397 secl
1073 3333 1168 3418 pecli·

58 3421 115 3484 hus
135 3421 265 3484 minime
286 3423 336 3484 nis
365 3422 493 3486 adiret.
537 3419 614 3484 Stas
635 3422 672 3484 in
701 3419 785 3484 sicco
815 3428 844 3483 et
864 3417 976 3482 stultos
998 3441 1075 3502 pau
1100 3439 1170 3482 eres

59 3506 194 3590 merqisz
213 3506 251 3569 in
271 3507 431 3591 uorapine
443 3505 599 3590 fluminis
621 3513 650 3568 et
672 3526 784 3569 carere
796 3503 894 3588 facis
914 3503 1038 3566 intuitu
1078 3501 1170 3565 hebia

58 3651 81 3704 ιι)
96 3654 248 3704 Aesyenorum
263 3666 280 3695 c.
370 3653 394 3704 b)
411 3655 433 3696 d.
450 3665 480 3694 m.
496 3664 549 3694 vex.
564 3654 641 3692 auum
655 3664 674 3694 c.
752 3651 774 3704 ο)
790 3653 846 3692 deest
860 3663 880 3693 c.
955 3650 979 3705 d)
995 3651 1132 3692 orthodoxis
1148 3651 1169 3693 2.

59 3711 81 3764 e)
97 3713 153 3752 sicut
166 3725 184 3754 c.
258 3713 397 3766 opredictn
412 3714 462 3756 aaa.
477 3725 494 3752 c.
577 3710 600 3763 g)
616 3712 642 3752 in
658 3713 710 3752 seii.
726 3722 776 3763 cap.
794 3712 886 3752 reclusa
899 3722 918 3754 c.
993 3709 1017 3762 h)
1034 3714 1103 3760 etque
1119 3710 1136 3750 1.
1151 3721 1170 3750 c.

58 3771 75 3824 1)
91 3772 380 3824 plurime-predicentur
395 3773 437 3815 aa.
452 3784 469 3813 c.
529 3769 554 3818 k)
571 3772 688 3812 cincinnio
706 3772 726 3812 2.
788 3769 806 3821 l)
820 3772 876 3810 deest
891 3782 910 3811 c.
970 3768 1002 3822 m)
1019 3769 1131 3812 obeteecit
1147 3769 1169 3811 2.

59 3830 84 3883 ιι)
99 3833 190 3872 nomine
205 3843 223 3874 c.
283 3833 306 3884 ο)
322 3833 460 3882 tetuieetc.;
475 3831 616 3872 sentitetinnt
632 3831 652 3870 2.
713 3827 738 3881 p)
747 3831 871 3880 Philippus
886 3841 905 3870 c.
966 3827 990 3881 q)
1006 3830 1057 3870 bec.
1073 3828 1170 3869 herund.

58 3893 109 3932 eim.
123 3901 184 3940 spem
205 3892 249 3932 tibi
270 3894 435 3943 componentes
449 3903 467 3930 c.
543 3888 563 3941 r)
580 3895 649 3940 stupe
663 3901 680 3930 c.
756 3887 776 3942 e)
793 3893 945 3939 strepente.
1005 3887 1024 3940 t)
1040 3888 1131 3937 gladios
1147 3898 1170 3928 ιι.

59 3951 146 4002 yeeinos
160 3961 175 3989 e.
228 3950 253 4002 ιι)
270 3952 357 3992 cleesoe
375 3952 395 3992 2.
446 3949 706 4002 muneremunere.
759 3947 790 3998 w)
805 3949 891 3999 yricion
907 3959 925 3990 e.
978 3945 1003 3999 ιι)
1020 3946 1132 3997 quidquid
1148 3947 1169 3986 8.

61 4007 85 4062 y)
100 4009 256 4050 multamulta
272 4013 293 4052 2.
376 4008 398 4061 n)
415 4021 434 4050 e.
449 4021 473 4049 n.
489 4019 519 4050 m.
534 4020 552 4048 e.
642 4006 666 4059 ιι)
682 4008 824 4058 previdimus
840 4007 861 4047 2.
951 4004 975 4058 b)
992 4010 1015 4046 et
1036 4009 1126 4046 mature
1143 4026 1169 4035 -

60 4069 204 4109 immittimus
220 4071 294 4112 item.
341 4067 362 4121 c)
378 4070 410 4109 ita
425 4069 516 4118 coniect5
531 4068 641 4108 mirantes
656 4078 674 4107 c.
712 4065 735 4118 d)
752 4067 931 4107 nicosiense..
961 4064 983 4118 e)
999 4071 1072 4106 morte
1088 4067 1136 4106 nnn
1153 4075 1170 4106 c.

60 4125 165 4180 operire
179 4140 198 4169 c.
259 4128 283 4182 g)
298 4128 390 4170 feretris
407 4129 427 4170 t.
487 4125 511 4178 h)
529 4130 552 4167 et
567 4127 588 4171 2,
647 4125 665 4176 i)
682 4136 746 4175 sang.
762 4127 806 4177 ipe.
821 4126 939 4168 inmtesunt
954 4137 971 4164 c.
1031 4123 1056 4175 k)
1073 4123 1170 4164 festinae

60 4191 205 4228 transmutare
220 4199 238 4229 c.
289 4185 307 4240 1)
323 4189 410 4230 deusta
455 4186 488 4240 ιιι)
504 4197 557 4228 sero
572 4186 657 4226 emisso
673 4185 768 4228 soeioi.
814 4183 840 4236 n)
850 4184 959 4225 Acknron
968 4196 986 4224 c.
1042 4181 1065 4235 ο)
1078 4181 1171 4223 sublate

61 4246 169 4296 'l'ripolim
184 4258 201 4286 a.
243 4243 268 4298 p)
282 4247 360 4288 delete
374 4258 391 4289 e.
441 4243 465 4296 q)
481 4249 585 4288 trecente
601 4257 619 4288 e.
662 4242 685 4297 r)
699 4246 809 4285 rexerunt
824 4245 845 4285 2.
890 4242 909 4295 s)
926 4248 952 4285 tu
968 4253 1015 4283 non
1030 4243 1132 4283 intendis
1149 4243 1170 4282 t.

62 4303 81 4356 t)
95 4305 118 4346 in
132 4316 192 4346 mare
207 4306 242 4347 ire
257 4317 276 4348 c.
376 4304 400 4357 ιι)
417 4306 610 4356 procellienimum
628 4306 650 4346 2.
732 4303 757 4358 v)
772 4305 828 4344 deest
844 4304 864 4345 t.
962 4300 992 4353 w)
1009 4301 1049 4342 ubi
1065 4301 1132 4342 Sirtie
1148 4304 1172 4341 et

64 4365 161 4476 (ipsilltdgp
177 4367 199 4465 ξ
261 4364 287 4417 ι)
303 4367 371 4416 signe
386 4365 437 4405 odd.
453 4377 471 4405 c.
547 4363 571 4416 y)
587 4364 685 4406 introire
702 4375 719 4405 c.
792 4361 814 4413 ι)
831 4365 856 4403 in
872 4372 920 4404 vor.
936 4362 1036 4402 flammis
1052 4361 1138 4410 mergis
1153 4370 1171 4400 c.

64 4435 79 4464 e
101 4435 135 4474 pe
159 4435 169 4463 ι
202 4455 206 4467 .
