2942 4998
318 423 506 476 CHRONICA
524 423 635 475 REGIA
657 423 908 477 COLONIENSIS.
1076 424 1174 475 XXIII

53 592 172 656 ibidem
194 601 342 656 servatos
369 614 421 655 nr.
448 591 664 656 1381-1392.
687 600 717 654 et
738 614 789 654 nr.
812 591 906 656 5535.
937 593 1111 678 descripsit
1135 594 1173 658 de

53 675 276 762 Reiffenberq,
308 675 503 741 ‘Annuaire'
536 674 604 757 VH,
632 700 670 761 p.
703 675 756 741 59.
786 677 836 741 69.
891 677 1023 740 Paucas
1046 687 1173 741 tantum

54 766 71 842 (
73 759 112 825 26
109 763 147 908 ἐ]
151 783 278 907 (pasqua
300 759 495 846 plerumque
523 760 711 824 decurtatus
734 760 838 826 edidit
859 762 1019 842 Marteue,
1045 761 1172 842 Colll,
1205 808 1228 840 u-

79 891 87 906 .
193 867 208 907 s
253 892 260 907 .

47 867 77 928 P
146 868 420 998 VquOlioeri
466 927 581 991 relatio
629 927 668 991 de
710 931 957 1014 cmpupnatione
993 930 1174 996 Damiatae

54 1033 94 1076 en
116 1012 246 1076 duabus
276 1011 423 1096 epistolis
446 1012 491 1075 ad
515 1011 717 1078 Colonienses
747 1013 845 1092 datis,
875 1022 912 1075 at
937 1014 1076 1093 ridetur,
1099 1036 1173 1078 con·

44 1094 150 1180 fecto,
177 1096 303 1160 alibro
351 1106 399 1160 ost
419 1095 514 1170 edito,
568 1097 655 1160 rima
669 1099 869 1180 praesertim
888 1107 999 1182 parte,
1030 1099 1175 1179 diversa,

52 1190 159 1245 eustat
193 1183 230 1245 iu
267 1203 303 1244 oo
328 1184 376 1246 ice
413 1180 488 1244 olim
553 1227 561 1242 .
591 1179 817 1262 Pantaleonis‚
859 1204 951 1245 nunc
987 1180 1171 1266 Guelfer-

53 1267 72 1330 b
80 1275 204 1353 ytano
226 1267 313 1329 inter
333 1263 509 1328 Gudianos
530 1287 582 1328 nr.
606 1265 677 1346 131,
689 1264 757 1347 fol.
779 1265 895 1344 5-17,
918 1290 1020 1330 5555
1043 1289 1067 1331 s.
1079 1267 1172 1331 XIII.

53 1353 118 1418 inc.
142 1351 210 1413 scri
234 1358 278 1412 ta.
323 1348 374 1411 De
403 1371 470 1434 qua
492 1347 534 1434 cf.
563 1372 646 1434 areae
675 1348 833 1414 disseruit
853 1350 1012 1430 Zaruclce‚
1036 1350 1117 1416 (ΕΒ.
1140 1350 1173 1418 d.

53 1433 172 1501 Sosus.
194 1371 265 1497 libs.
288 1433 320 1497 d.
343 1433 445 1497 Wiss.’
469 1433 561 1513 1875,
587 1456 624 1516 p.
649 1433 709 1497 139
735 1457 813 1520 sqq„
843 1437 900 1519 qui
928 1443 1036 1498 tamen
1057 1435 1174 1499 Anna-

52 1519 135 1582 lium
158 1527 321 1581 auctorem
343 1517 401 1581 boc
423 1539 519 1580 asum
540 1539 608 1580 esse
623 1517 805 1601 euemplari
819 1520 929 1582 minas
942 1529 1024 1583 recte
1038 1521 1173 1583 monuit.

52 1603 144 1668 Nam
166 1624 231 1666 non
248 1604 372 1687 pau-cis
393 1601 473 1666 locis
483 1603 629 1686 propius
645 1601 691 1665 ad
705 1604 814 1686 ipsam
829 1603 999 1686 epistolam
1017 1604 1175 1667 accedunt

54 1711 78 1751 a
101 1684 235 1750 Gelenio
259 1685 406 1768 (Vindex
427 1685 586 1750 libertatis
613 1685 687 1750 eccl.
709 1695 738 1750 et
758 1695 844 1750 mart
868 1709 886 1748 r
907 1687 942 1752 8.
957 1686 1174 1772 Enpelbertus

48 1795 87 1857 p.
99 1770 173 1834 329.
188 1779 217 1834 et
230 1770 431 1916 Bonparsio,
449 1769 547 1834 Gesta
559 1770 625 1833 Dei
640 1793 678 1854 p.
697 1770 778 1834 1185
779 1775 795 1850 )
818 1711 948 1835 editam.
982 1773 1174 1856 Euseripsit

63 1856 96 1919 V.
124 1854 172 1920 Ol.
198 1855 305 1918 Krusc
330 1899 339 1916 .
386 1851 516 1918 Gelenii
545 1853 611 1937 (G)
645 1864 674 1918 et
699 1855 846 1918 Eccardi
879 1853 995 1941 (Corp.
1022 1856 1095 1919 bist.
1117 1856 1172 1937 II)

53 1939 204 2004 lectiones
237 1961 294 2002 eas
320 1947 449 2002 tantum
481 1937 579 2002 attuli
613 1961 698 2022 quae
735 1939 781 2002 ad
814 1939 899 2002 banc
932 1939 1173 2004 emendandam

52 2025 272 2089 recensionem
286 2021 404 2102 facere
424 2023 639 2104 uidebantur;
670 2023 802 2087 ultimae
825 2024 923 2109 parti
949 2025 1111 2110 quaedam
1132 2041 1176 2088 55

52 2109 200 2195 sequenti
220 2106 302 2172 libro
324 2106 457 2170 subieci.

148 2191 216 2256 VII.
262 2190 370 2256 Codeta
385 2191 682 2276 Lugdunensis
704 2190 1105 2257 interVossianosnr.
1120 2193 1172 2273 95,

43 2275 112 2362 fol.
129 2277 233 2339 obort.
256 2283 285 2339 et
306 2275 434 2339 membr.
457 2298 482 2338 s.
498 2275 565 2355 XV,
589 2276 761 2340 historiam
783 2277 906 2340 breuem
928 2277 1173 2360 expeditionum

52 2363 92 2424 in
116 2360 252 2424 Terram
280 2358 439 2423 Sanctam
466 2382 497 2422 a.
523 2360 741 2424 1217-1219.
771 2369 995 2443 susceptarum
1023 2363 1178 2424 continet.¹

53 2444 202 2509 Primam
227 2445 298 2507 eius
315 2452 458 2529 partem,
506 2466 569 2506 555
602 2444 640 2507 de
672 2445 767 2508 rebus
794 2447 832 2507 in
855 2445 1053 2530 Portupalia
1075 2447 1173 2531 pestis

54 2531 137 2614 aqit,
159 2551 229 2591 cum
253 2526 442 2591 Annalibus
492 2527 710 2592 oloniensibus
740 2539 815 2590 arta
838 2529 1075 2592 necessitudine
1098 2551 1173 2593 con-

52 2614 204 2676 iunctam
226 2634 301 2691 esse,
323 2611 483 2676 Ilbbricbt
504 2613 615 2676 docuit
637 2613 907 2712 (‘Forscbuupen·
921 2637 947 2676 e.
964 2613 1006 2678 D.
1025 2612 1073 2676 G!
1088 2613 1173 2692 XVI,

47 2719 87 2782 p.
101 2697 191 2778 153).
228 2695 295 2761 Sed
310 2704 429 2759 neutra
450 2699 604 2761 narratio
620 2719 660 2760 55
681 2696 785 2760 altero
800 2699 966 2782 descripta
982 2719 1047 2761 esse
1057 2707 1173 2783 potest,
1267 2701 1269 2705 ”

52 2781 113 2846 sed
136 2779 250 2844 ambae
271 2780 317 2842 ad
332 2802 529 2844 communem
541 2779 671 2864 fontem
685 2783 831 2863 redeunt,
850 2781 1040 2846 relationem
1054 2781 1175 2867 procul

52 2865 154 2931 dubio
176 2874 254 2928 tanc
277 2866 444 2947 scriptam.
491 2863 582 2938 Quae
604 2874 671 2929 tam
693 2867 730 2929 in
752 2866 846 2929 rebus
868 2867 1054 2930 narrandis
1077 2889 1175 2952 quam

52 2952 90 3014 in
121 2949 266 3035 sinpnlis
292 2948 488 3034 quibusdam
517 2949 622 3012 uerbis
648 2973 721 3014 cum
750 2952 894 3014 carmine
925 2974 946 3014 a
970 2949 1113 3015 Gosoino
1135 2950 1174 3013 de

53 3034 302 3120 enpupnatione
324 3034 426 3096 castri
447 3033 583 3097 Alcacer
611 3033 755 3118 confecto
784 3036 941 3112 conuenit,
970 3035 1072 3099 malta
1098 3054 1174 3099 oero

54 3119 151 3183 babet
173 3119 213 3182 ab
238 3116 295 3181 boc
312 3117 424 3180 aliena
444 3126 472 3180 et
495 3121 683 3182 accuratius
705 3141 871 3204 enpressa.
918 3118 1029 3193 Quare
1043 3121 1174 3184 minime

55 3225 189 3266 carmen
211 3203 250 3266 in
271 3200 430 3266 relatione
459 3203 525 3265 ista
555 3202 771 3284 adbibitum1,
807 3204 863 3267 sed
896 3212 1067 3288 utrumque
1091 3225 1174 3286 opus

54 3287 158 3352 eidem
180 3308 247 3350 esse
268 3285 477 3349 tribuendam
486 3295 508 3364 ²,
530 3294 612 3349 recte
633 3295 774 3350 statuere
796 3286 878 3350 mibi
891 3287 1015 3350 aideor.
1059 3285 1175 3350 Altera

51 3380 151 3455 parte
172 3371 313 3434 bistoria
335 3370 592 3454 eupapnationis
621 3371 713 3434 urbis
739 3371 928 3436 Damiatae
947 3379 1117 3451 narratur,
1147 3379 1176 3434 et

53 3458 132 3540 ipsa
161 3477 203 3518 erc
238 3453 362 3518 Olioeri
387 3453 534 3539 epistolis
563 3453 701 3535 bansta,
738 3454 796 3518 sed
824 3457 883 3535 ita,
920 3465 955 3517 ut
987 3477 1071 3540 quae
1102 3476 1176 3518 cum

54 3562 173 3604 earam
227 3541 313 3604 rima
344 3540 543 3602 conveniunt
576 3538 680 3602 multo
710 3538 890 3623 praebeant
923 3539 1111 3623 peculiaria
1148 3546 1177 3602 et

53 3646 148 3688 nonu
200 3646 221 3686 a
238 3644 382 3706 prorsus
403 3645 500 3686 nooa.
543 3623 620 3686 Ideo
644 3621 739 3687 aliud
760 3625 830 3689 eius
860 3623 1026 3706 euemplar
1049 3623 1178 3687 auctori

54 3709 100 3772 ad
123 3729 245 3771 manus
261 3706 384 3790 fuisse,
412 3715 596 3770 statuamus
624 3717 757 3793 oportet.
803 3705 886 3782 Quis
912 3708 966 3772 ille
983 3706 1103 3792 fuerit,
1136 3729 1177 3771 ne

53 3791 219 3857 coniicere
234 3791 364 3876 quidem
387 3792 506 3854 ausim.
548 3790 808 3876 Nonnumquam
830 3800 936 3857 testem
959 3789 1123 3856 ocularem
1145 3813 1178 3856 se

51 3877 209 3941 iudicare
230 3875 378 3957 uidetur;
402 3873 484 3938 alibi
502 3896 577 3938 uero
599 3878 822 3940 narrationem
838 3876 1014 3941 arbitraria
1029 3877 1178 3955 mutavit,

55 4057 83 4124 1)
103 4056 244 4120 Bo'bricltt,
269 4056 397 4108 ‘Forsan'
422 4057 438 4106 l.
456 4057 473 4107 l.
487 4074 518 4121 p.
540 4055 591 4105 148
617 4073 655 4120 5.,
679 4057 726 4108 hoc
750 4056 779 4108 in
804 4055 954 4108 Annalibus
982 4054 1177 4108 Coloniensibus

52 4129 219 4196 exscriptum
232 4129 352 4196 putauit.
427 4128 456 4196 2)
479 4129 552 4191 Quae
577 4128 633 4181 iam
652 4129 686 4180 K.
701 4130 778 4182 Pertr
803 4129 922 4182 versibus
946 4130 1057 4181 heroicis
1077 4128 1178 4195 serique

52 4221 109 4256 esse
129 4203 243 4266 monuit,
263 4204 293 4254 in
311 4203 428 4254 carmine
447 4203 521 4254 baad
540 4210 690 4267 occurrunt,
710 4204 757 4255 sed
776 4204 889 4256 eundem
909 4210 1042 4255 aucmrem
1055 4203 1177 4269 poeticae

52 4277 183 4329 lometioui
203 4286 337 4329 assuetum
350 4276 478 4343 probant.
516 4276 588 4340 Alia,
615 4285 644 4328 ut
668 4279 798 4328 auriferas
818 4279 908 4343 Tagus
932 4275 961 4327 in
980 4285 1091 4342 utroque
1111 4275 1178 4327 libro

52 4353 191 4418 loqueretar.
236 4351 328 4416 Neque
360 4351 464 4402 brevior
494 4349 602 4402 dicendi
629 4350 699 4401 ratio
728 4349 758 4401 iu
783 4349 898 4402 carmine
926 4352 1048 4402 notanda
1074 4351 1178 4402 obstare

51 4425 172 4478 videtur.
