2970 4996
288 381 340 432 122
485 380 673 434 OHRONIOA
692 377 805 431 unuln
825 380 1063 433 COLONIENSIS
1083 379 1116 432 Δ.
1136 379 1216 431 1172.

683 551 846 606 Recensio
866 551 890 603 Ι.
911 560 939 604 et
958 553 1004 606 ΙΙ.

282 676 346 739 pro
365 649 452 736 filiis
480 650 518 713 id
546 657 664 735 aperet.
707 647 789 711 Inde
811 656 866 728 cst,
904 648 991 733 quod
1011 647 1243 733 benipnitatem
1264 655 1411 715 vestram

285 738 402 803 obniue
417 736 642 819 deprecamur,
658 733 817 880 {nativus
832 740 955 795 vestrae
966 732 1137 796 Romanae
1148 733 1240 797 urbis
1252 733 1411 798 honorem

284 830 313 886 et
334 822 425 884 sacri
446 826 580 882 senatus
602 838 664 880 ena
677 817 832 880 tationem
854 837 978 899 semper
992 817 1029 878 in
1044 815 1159 880 melius
1171 819 1409 900 promoveatis.

283 903 354 969 Nos
377 905 463 967 enim
485 911 515 966 et
535 901 668 964 inclitus
685 899 834 984 populus
849 899 1020 963 Romanus
1037 899 1083 963 ad
1098 923 1188 965 omne
1210 901 1411 967 mandatum

284 997 313 1053 et
333 987 529 1052 voluntatem
550 993 690 1048 vestram
712 1005 824 1046 sumus
846 991 875 1046 et
895 985 1016 1048 erimus
1037 1005 1163 1068 semper
1184 987 1340 1069 sepositi.

367 1069 471 1136 Simili
493 1068 589 1132 modo
612 1068 759 1131 Pisenses
780 1065 905 1151 prefato
926 1066 1046 1151 presuli
1068 1068 1279 1153 seripserunt:

367 1154 479 1238 Philip
506 1176 523 1218 o
550 1160 682 1216 sanctae
707 1149 908 1216 Coloniensis
930 1149 1082 1216 ecclesiae
1105 1154 1359 1238 archiepiscopo
1382 1161 1411 1217 et

284 1237 402 1304 Italiae
425 1176 718 1301 archicancellario
741 1234 934 1321 elipnissimo
949 1234 1148 1300 Pisanorum
1171 1236 1321 1301 consules
1338 1238 1409 1300 eins
1478 1311 1479 1314 Ἴ

275 1322 465 1406 fidelissimi
480 1319 615 1384 salutem
629 1319 764 1401 etfldele
779 1320 961 1383 servicium.
992 1318 1142 1404 Acceptis
1152 1321 1266 1384 vestris
1279 1319 1407 1384 deside-
1477 1315 1479 1366 ἶ

283 1406 444 1471 rabilibus
472 1405 587 1469 litteris
616 1413 645 1468 et
667 1401 842 1489 diligenter
862 1400 1039 1484 intellectio,
1076 1404 1235 1468 enullavit
1254 1405 1292 1468 in
1314 1405 1409 1468 nobis

283 1514 341 1557 cor
361 1498 517 1570 nostrum,
539 1496 568 1552 et
585 1488 788 1572 pernimiam
809 1483 936 1550 alacres
948 1487 1041 1571 facti
1059 1511 1180 1568 summ,
1202 1487 1291 1573 quod
1304 1510 1409 1552 sacra

282 1579 436 1640 maiestos
457 1573 667 1657 imperatoris
688 1592 788 1655 super
832 1570 1031 1635 roditoribus
1054 1581 1082 1635 et
1099 1574 1249 1655 periuris
1270 1573 1409 1656 imperii

282 1660 411 1724 veniam
441 1680 508 1721 non
524 1653 770 1741 postulantibus
816 1655 1052 1718 onestissimum
1075 1657 1200 1741 accepit
1221 1657 1408 1720 consilium.
1478 1671 1479 1732 j

288 1744 405 1808 Omnes
440 1743 526 1805 vires
562 1748 590 1802 et
622 1739 723 1802 robur
757 1739 890 1823 imperii
926 1739 1089 1820 sucitavit,
1125 1763 1161 1803 re
1185 1761 1217 1802 es
1246 1738 1408 1820 diversos,

281 1836 390 1914 pentes
400 1825 567 1911 plurimas
574 1834 603 1888 et
617 1823 755 1887 estimas
770 1822 920 1886 nationes
937 1821 982 1885 ad
991 1763 1229 1888 vindicandam
1240 1824 1408 1888 iniuriam

281 1934 374 1975 suam
389 1910 530 1986 festinat
550 1909 715 1984 inducere,
739 1906 1013 1989 archiepiscopos,
1050 1909 1231 1992 episcopos,
1263 1907 1408 1988 abbates,

282 1995 389 2072 duces,
411 1993 627 2071 marchiones,
645 1989 828 2073 palatinos,
844 1993 981 2070 comites,
995 1989 1113 2054 liberos
1128 2000 1157 2055 et
1170 1989 1406 2054 ministeriales

268 2087 310 2142 ‘et
331 2076 497 2157 infinitam
519 2073 759 2139 multitudinem
782 2081 953 2158 potentum
975 2077 1121 2139 virorum
1143 2075 1406 2158 anpoditionem⁸

281 2161 522 2225 validissimam
550 2161 587 2222 in
610 2157 767 2243 proximo
796 2158 833 2220 in
855 2156 989 2221 Italiam
1008 2159 1263 2241 promovendum
1285 2160 1406 2222 iurare

271 2245 366 2330 fecit.
402 2243 456 2306 En
479 2264 545 2327 qua
567 2263 602 2306 re
624 2263 694 2320 nos,
717 2241 776 2324 qui
797 2244 842 2304 im
867 2243 935 2305 erio
948 2240 1139 2322 fidelissimi
1160 2264 1285 2327 semper
1306 2244 1406 2306 eusti-

281 2331 389 2407 timus,
420 2347 484 2410 pre
516 2327 627 2390 ceteris
660 2322 739 2388 aliis
763 2264 921 2404 fidelibus
973 2325 1140 2407 audemus,
1177 2327 1257 2411 quia
1279 2327 1316 2388 in
1331 2324 1406 2406 fide

282 2422 311 2474 et
343 2410 514 2474 dilectione
544 2412 634 2474 circa
670 2408 841 2490 imperiale
878 2348 1032 2474 diadema
1064 2411 1345 2494 perseveravimus
1373 2418 1405 2474 et

281 2495 434 2561 honorem
456 2494 588 2575 imperii
609 2514 733 2576 semper
749 2513 813 2576 pre
836 2491 939 2556 oculis
961 2493 1124 2556 habemus.

365 2577 456 2640 Hsee
470 2576 809 2661 itaqueRomsnorum
830 2585 862 2641 et
876 2576 1067 2639 Pisanorum
1088 2577 1208 2661 scripta
1228 2596 1270 2638 an
1290 2575 1403 2642 favore

282 2683 323 2726 sn
344 2661 457 2725 timore
479 2660 681 2744 imperatoris
704 2659 830 2742 digesta
852 2660 925 2742 sint,
948 2661 1106 2724 incertum
1129 2669 1185 2724 est.
1397 2669 1398 2672 ’

364 2745 427 2809 Per
447 2743 535 2807 idem
548 2753 675 2829 tempus
690 2743 869 2807 Attrsbntis
886 2744 1021 2828 contigit
1038 2767 1088 2810 res
1104 2744 1202 2828 digna
1216 2743 1403 2806 memorias.

280 2826 374 2893 Miles
407 2829 492 2893 enim
525 2826 656 2912 quidum
685 2827 860 2892 admodum
891 2827 1047 2892 litteratus
1080 2827 1120 2892 de
1142 2848 1276 2913 corpore
1302 2826 1404 2890 domi-

280 2913 353 2976 niao
387 2911 469 2976 bene
508 2912 621 2993 sensit,
667 2911 791 2977 scilieet
829 2911 915 2996 quod
956 2933 1016 2975 neo
1058 2934 1117 2996 per
1151 2913 1308 2976 vomitum
1344 2933 1405 2975 seu

281 2995 497 3080 egestionem⁰
520 3003 749 3080 corrumpetur.
780 2995 811 3058 A
834 3016 897 3080 quo
920 2994 1051 3080 quidam
1074 2992 1405 3060 clericusRubertusd
1475 3027 1479 3032 ·

280 3080 419 3160 nomine,
442 3078 618 3144 subtiliter⁰
641 3079 780 3165 quidem,
809 3088 859 3142 set
879 3079 1033 3144 inutiliter
1053 3077 1220 3160 litteratus,
1242 3080 1404 3143 contraria

281 3163 330 3228 his
352 3173 384 3228 et
404 3162 476 3228 ideo
498 3162 640 3229 heretica
661 3164 811 3243 sentiens,
833 3163 916 3226 inter
938 3162 1165 3227 conferendum
1187 3163 1347 3244 dissensit,
1370 3171 1404 3228 et

280 3249 326 3312 ita
355 3248 479 3333 questio
507 3246 548 3310 ad
577 3247 767 3332 episcopum
796 3244 901 3311 delata
929 3255 985 3311 est.
1037 3247 1100 3327 Qui
1122 3245 1229 3310 arehie
1254 3249 1320 3310 iseo
1346 3268 1402 3310 um

280 3329 473 3396 Remensem
501 3352 573 3394 eum
602 3329 807 3395 multitudine
836 3327 913 3393 cleri
940 3329 1120 3412 advocavit,
1157 3341 1189 3396 et
1238 3353 1292 3393 um
1363 3353 1402 3396 ee

281 3415 405 3500 questio
428 3414 647 3496 discuteretur,
669 3414 833 3500 predictus
855 3412 998 3495 clericus,
1022 3413 1109 3500 quod
1122 3435 1187 3478 non
1202 3413 1305 3478 solum
1319 3413 1402 3480 foret

279 3497 450 3577 hereticus,
486 3507 535 3562 set
567 3507 599 3562 et
631 3496 709 3562 alios
740 3498 863 3562 foveret
895 3506 927 3561 et
959 3497 1145 3562 defenderet
1175 3497 1344 3580 hereticos,
1380 3521 1401 3566 n

280 3580 389 3646 multis
411 3589 460 3645 est
480 3591 659 3650 accusatus.
692 3582 836 3665 Purgure
858 3602 935 3665 ergo
956 3580 1075 3646 famam
1098 3603 1189 3645 suam
1212 3582 1252 3645 de
1275 3582 1401 3646 obiectu

280 3665 386 3728 heresi
406 3662 526 3728 indicio
549 3664 712 3730 candentis
733 3663 809 3729 ferri
829 3664 964 3728 frustrerf
983 3687 1042 3749 pro
1068 3677 1198 3748 onenst,
1219 3674 1285 3729 tam
1300 3667 1400 3729 mani-

281 3747 361 3811 feste
382 3747 455 3811 Deo
479 3758 629 3833 operante
652 3749 776 3830 cecidit,
798 3748 907 3834 quodh
928 3769 993 3812 non
1015 3688 1118 3812 solum
1140 3751 1174 3812 in
1196 3749 1338 3830 dextera,
1366 3750 1399 3814 in

282 3852 346 3915 qua
366 3830 487 3895 ferrum
508 3832 664 3916 gestabat,
702 3841 751 3897 set
773 3841 804 3896 et
825 3834 859 3895 in
881 3833 1008 3896 sinistra
1029 3855 1126 3896 manu
1148 3834 1233 3898 etin
1255 3833 1398 3920 utrisque

280 3913 419 3999 pedibus
436 3925 469 3979 et
482 3913 654 3980 ambobusi
672 3914 835 3998 lateribus,
850 3917 884 3979 in
899 3925 1028 4001 pectore
1039 3917 1205 3981 similiterk
1228 3926 1260 3983 et
1270 3919 1398 3982 ventre¹

281 4007 392 4062 ustura
412 3998 599 4063 mirabiliter
621 4001 785 4086 apperuit3
822 3999 906 4065 unde
929 4022 971 4064 ex
992 4001 1142 4066 mandato
1165 4001 1399 4088 archiepiscopi

281 4081 349 4165 igni
370 4081 506 4146 iniectus
528 4090 559 4146 et
581 4084 764 4149 combustus
787 4092 843 4148 est.

282 4258 305 4311 a)
322 4265 345 4301 et
360 4261 477 4310 exunt
538 4259 771 4312 b)me1nortseA1.
833 4262 1032 4315 c)pereg..41.
1092 4253 1396 4316 u)niv.n1;n0b.01.

282 4317 304 4370 e)
321 4323 381 4369 supr.
397 4317 447 4362 Al.
492 4317 583 4370 Odeest
604 4321 647 4362 02.
714 4322 926 4386 g)pponsns31;
949 4333 1080 4374 preponens
1104 4325 1146 4365 02.
1214 4322 1238 4376 h)
1254 4327 1280 4364 ut
1295 4325 1349 4374 ΒΗ
1365 4324 1397 4366 its

282 4379 367 4420 utos.
429 4375 446 4428 1)
463 4379 488 4418 sn
503 4379 649 4423 untes.
725 4381 749 4432 k)
766 4383 835 4423 umal
851 4383 913 4426 no.
973 4381 990 4434 1)
1008 4384 1033 4424 in
1049 4393 1070 4424 v.
1088 4382 1133 4426 os.
