2944 5002
280 410 333 460 356
489 405 643 462 MARTINI
662 406 911 460 ΟΟΝΤΙΝΗΑΤΙΟ
932 405 1183 458 COLONIENSIS.

279 573 395 639 Marka
416 575 457 640 ab
478 573 664 640 Hermanno
691 573 792 641 nobili
811 576 882 641 viro
910 575 950 640 de
972 574 1198 661 Breyderwort
1219 575 1346 660 capitur
1368 583 1399 638 et

279 661 313 724 in
341 658 478 724 vinculis
500 661 635 724 moritur
645 671 666 723 ¹.

94 818 98 828 Ι
365 743 470 808 Huius
492 744 594 809 eciam
616 744 708 829 regni
723 754 827 807 anno‘
849 754 974 831 quarto,
996 742 1146 808 videlicet
1160 764 1244 806 anno
1260 741 1398 806 Domini

202 843 268 886 raus.
282 827 379 909 1278,
408 825 599 892 Wilhelmus
636 849 742 892 comes
778 827 967 892 Iuliacensis
1003 829 1165 893 civitatem
1196 827 1399 912 Aquensem,

279 911 522 998 archiepiscopo
544 911 728 977 Coloniensi
749 911 910 997 Sigefu'do
939 911 1185 994 confederatam,
1215 910 1289 975 dolo
1320 909 1402 974 obti-

279 1019 356 1061 nere
376 996 490 1061 nititur
511 1005 543 1060 et
563 997 690 1062 incaute
717 996 903 1082 ingreditur,
926 1019 965 1061 ac
986 998 1074 1061 cives
1096 995 1137 1060 ad
1158 1016 1250 1058 arma
1272 993 1402 1059 concla-

279 1090 414 1162 mantes,
435 1081 543 1166 ipsum
559 1082 709 1146 comitem
731 1079 876 1144 etlilium
892 1082 960 1146 eius
975 1081 1224 1166 primogenitum
1247 1100 1325 1143 cum
1339 1089 1402 1143 tre-

280 1167 380 1231 centis
399 1173 433 1230 ,et
448 1165 616 1250 sexaginta
636 1175 708 1230 octo
723 1162 922 1248 satellitibus,
943 1165 1045 1252 proch
1060 1163 1165 1228 dolor!
1188 1162 1403 1246 interficiunt,

280 1258 312 1314 et
331 1248 605 1336 archiepiscopus,
625 1248 760 1314 audacie
798 1259 872 1314 ustu
886 1273 929 1314 ex
943 1271 1020 1314 casu
1034 1250 1236 1313 inimicorum
1250 1257 1400 1332 accepto,

280 1343 399 1399 terram
420 1334 547 1398 comitis
568 1332 757 1398 Iuliacensis
774 1271 935 1399 hostiliter
955 1334 1088 1416 invadit,
1111 1332 1254 1415 cedibus,
1276 1332 1403 1418 rapinis

281 1428 314 1483 et
343 1417 500 1482 incendiis
529 1428 643 1482 cuncta
678 1417 848 1483 devastans
880 1428 912 1484 et
939 1417 1153 1483 Iuliacensem
1182 1417 1402 1482 municionem

281 1501 447 1566 obsidione
462 1501 674 1572 circumdans.
717 1501 785 1567 Atb
808 1504 993 1601 superstites
1008 1503 1104 1566 amici
1118 1503 1246 1567 comitis
1263 1510 1296 1566 et
1311 1510 1403 1586 quot

281 1594 361 1672 quot
380 1587 415 1649 in
436 1585 492 1651 tali
512 1586 731 1673 trepidacione
753 1585 862 1673 colhgr
883 1596 1040 1673 poterant,
1062 1587 1248 1671 congregati
1268 1585 1403 1650 viriliter

306 1671 382 1735 ortis
397 1680 569 1756 erumpunt
583 1679 615 1736 et
628 1671 907 1758 archiepiscopum
926 1681 958 1736 et
979 1693 1055 1735 suos
1070 1671 1218 1736 ferociter
1233 1669 1401 1734 invadunt.

280 1691 349 1819 hed
364 1754 492 1819 tandem
507 1755 614 1819 archie
638 1757 769 1842 iscopus
783 1757 918 1820 victoria
931 1757 1062 1841 potitus,
1082 1755 1298 1819 municionem
1314 1753 1402 1817 illam

282 1839 370 1924 cepit
391 1849 423 1903 et
444 1860 502 1924 pro
524 1861 583 1903 suo
610 1776 702 1904 lhito
729 1840 809 1905 inibi
839 1850 954 1905 cuncta
980 1838 1149 1926 disposuit.
1191 1836 1243 1903 Ibi
1272 1860 1402 1924 quoque

281 1933 314 1988 et
325 1921 531 1989 Colonienses
546 1945 604 2009 pro
615 1923 856 2024 archiepiscopo
870 1925 993 1990 fortiter
1004 1945 1163 2009 pugnasse
1174 1932 1403 2005 memorantur,

281 2016 315 2072 et
335 2004 437 2092 aliqui
457 2029 500 2071 ex
522 2008 568 2072 eis
591 2007 780 2073 occuhursse
802 2008 990 2074 referuntur.
1035 2008 1151 2073 Comes
1165 2029 1242 2072 vero
1265 2007 1306 2071 de
1321 2007 1402 2070 Lua

281 2090 443 2176 linburg²,
474 2093 739 2178 consanguineus
772 2094 898 2157 comitis
925 2092 1123 2175 Iuliacensis,
1157 2114 1231 2155 cum
1258 2093 1401 2155 maximo

282 2176 429 2242 exercitu
450 2176 671 2262 episcopatum
697 2177 796 2242 intrat
818 2176 1040 2242 Coloniensem
1070 2185 1101 2240 et
1123 2175 1297 2262 Tulpetum
1320 2176 1402 2241 obsi-

283 2258 379 2324 dione
395 2261 508 2345 [cinxit
515 2272 537 2342 ⁰,
582 2271 691 2346 ropter
708 2283 785 2326 vero
805 2262 1023 2326 resistenciam
1046 2261 1123 2324 dicti
1144 2260 1265 2325 domini
1282 2259 1403 2345 Syfridi

282 2345 324 2408 ab
348 2342 525 2432 obsidione]
554 2283 698 2413 discedit.
744 2345 808 2410 Sed
838 2345 967 2410 tandem
1000 2345 1147 2411 fidelibus
1168 2343 1402 2430 archiepiscopi

283 2438 315 2493 et
335 2429 448 2493 amicis
469 2431 595 2494 comitis
616 2429 842 2511 mediantibus,
869 2429 925 2494 tali
947 2429 1135 2495 condicione
1156 2451 1222 2529 pax
1243 2429 1328 2493 inter
1348 2451 1401 2493 eos

207 2512 475 2577 narareformata³
499 2523 555 2596 est,
577 2522 613 2578 ut
634 2513 896 2601 archiepiscopus
911 2514 1069 2579 Iuliacum
1091 2525 1123 2579 et
1145 2537 1172 2578 s1
1188 2535 1252 2600 qua
1273 2511 1336 2577 alia
1356 2514 1401 2577 in·

283 2607 410 2661 vaserat
432 2597 590 2681 redderet,
611 2609 643 2662 et
664 2597 818 2686 deinceps
840 2597 944 2663 nullus
966 2598 1064 2663 alium
1085 2597 1257 2663 infestaret.

205 2694 272 2736 rsus
372 2680 497 2745 Eodem
519 2705 602 2746 anno
624 2682 780 2748 Rudolfus
806 2706 866 2748 rex
887 2683 1131 2769 expedicionem
1158 2684 1192 2746 in
1213 2680 1400 2746 Bohemiam

287 2763 418 2830 molitur
453 2777 564 2831 contra
599 2789 708 2852 regem
749 2767 914 2834 eiusdem‘l
951 2769 1132 2854 provincie,
1177 2775 1401 2852 occupatorem

287 2849 423 2914 ducatus
443 2850 583 2934 Austris,
616 2859 647 2916 et
674 2852 754 2917 inito
782 2852 942 2934 conflicto,
972 2873 1031 2916 rex
1053 2850 1205 2915 Bohemie
1235 2849 1400 2932 occiditur,

285 2943 318 2999 et
339 2932 497 2999 Rudolfus
526 2958 584 2999 rex
605 2937 741 3001 victoria
772 2938 903 3037 potitur.
948 2935 1014 3001 Sed
1040 2934 1170 3000 tandem
1202 2934 1401 3020 principibus

284 3017 499 3085 mediantibus
513 3017 753 3102 wenezlaume,
774 3021 931 3086 interfecti
952 3021 1037 3120 regis
1058 3018 1171 3102 filium,
1203 3020 1236 3082 in
1258 3019 1400 3103 graciam

286 3104 439 3189 suscepit,
471 3102 569 3168 filiam
596 3126 687 3168 suam
715 3104 819 3169 eidem
848 3106 880 3169 in
909 3105 1148 3170 matrimonium
1182 3102 1337 3168 tradendo
1370 3112 1401 3168 et

285 3187 387 3251 filium
410 3210 504 3251 suum
526 3186 736 3252 Adelbertum
758 3190 798 3253 de
820 3189 939 3254 ducatu
960 3188 1091 3254 Austrie
1111 3187 1323 3253 investiendo.

142 3322 198 3364 om,
210 3259 276 3360 ζῇ·
370 3271 475 3336 Huius
498 3273 600 3336 eciam
621 3281 765 3359 tempore
787 3291 844 3338 tota
865 3287 955 3338 sicilia
976 3283 1089 3339 contra
1109 3271 1276 3355 Karolum,
1305 3293 1398 3370 quem

200 3352 204 3363 '
285 3376 372 3441 papa
408 3366 519 3421 contra
554 3366 687 3444 nepotes
718 3358 877 3423 Friderici
915 3358 1117 3444 imperatoris
1149 3378 1257 3440 regem
1292 3354 1401 3420 S1cilie

285 3440 413 3520 fecerat,
443 3453 585 3517 rebellans,
607 3455 716 3505 Petrum
738 3471 830 3522 regem
850 3456 997 3522 Arragonie
1022 3457 1051 3505 in
1080 3469 1157 3504 suum
1186 3453 1354 3504 defensorem
1375 3458 1402 3504 et

286 3531 421 3582 dominum
432 3538 604 3583 vocaverunt.
643 3533 825 3600 Succensiqua
838 3536 912 3584 rabie
926 3549 1018 3584 omnes
1032 3533 1160 3596 Gallicos,
1179 3532 1224 3598 qni
1242 3532 1278 3580 in
1296 3546 1401 3597 regno

287 3604 409 3656 Sicilie
429 3606 606 3670 morabantur,
634 3612 691 3656 tam
715 3623 801 3664 mares
821 3623 901 3673 quam
920 3608 1041 3671 seminas,
1067 3622 1145 3658 senes
1169 3621 1202 3655 ac
1227 3606 1347 3667 iuvenes,
1372 3607 1401 3655 in

288 3683 469 3744 contemptum
497 3680 569 3745 ragis
594 3679 715 3730 Karoli
741 3682 939 3744 interfecerunt,
972 3687 999 3731 ot
1028 3679 1100 3747 quod
1129 3679 1317 3730 detestabilius
1344 3678 1402 3742 fuit,

285 3752 357 3805 latus
393 3753 532 3804 mulierum
563 3753 731 3818 Latinarum,
769 3771 821 3820 que
853 3770 869 3804 a
901 3751 1013 3805 Gallicis
1046 3753 1204 3804 dicebantur
1237 3753 1400 3818 concepisse,

287 3819 465 3894 aperientess,
485 3831 577 3894 partus
593 3842 683 3877 earum
701 3833 846 3894 antequam
859 3833 1034 3879 nascerentur
1046 3827 1215 3878 occidebant.
1243 3827 1303 3877 Rex
1316 3831 1402 3876 autem

286 3900 453 3966 Arragonum
464 3899 584 3952 Siciliam
603 3915 748 3968 occupans,
767 3917 796 3952 se
814 3904 843 3951 in
861 3917 952 3967 regem
973 3900 1067 3953 Sicilie
1085 3901 1152 3951 iecit
1170 3900 1292 3950 coronari
1312 3904 1402 3951 contra

287 4043 311 4096 ι)
327 4056 389 4087 anno
409 4046 512 4097 supplevi.
586 4044 611 4097 b)
626 4045 661 4086 Ac
677 4045 706 4101 (i)
722 4058 741 4087 c.
817 4044 838 4098 c)
854 4047 919 4088 verba
940 4047 1013 4088 cinxit
1036 4068 1063 4076 -
1086 4047 1114 4087 ab
1138 4046 1258 4087 obsidione
1275 4045 1357 4095 partim
1379 4057 1402 4086 ca

287 4105 538 4216 gtrppraiagnssaeosalam
552 4106 656 4156 sapphus.
731 4103 754 4158 d)
771 4107 870 4147 eundem
885 4119 903 4147 c.
978 4104 1000 4156 s)
1016 4107 1169 4147 Wenenlsnm
1184 4117 1242 4146 corr.
1257 4115 1315 4146 maa.
1330 4116 1368 4146 rac.
1384 4117 1401 4150 a

291 4279 320 4347 1)
341 4279 382 4347 Of.
393 4280 505 4335 Leooldi
522 4282 612 4335 chron.
632 4300 696 4336 com.
715 4283 749 4335 dc
767 4283 872 4347 Marco,
892 4282 1069 4349 satiatam,
1089 4281 1140 4334 SS.
1152 4281 1186 4332 lt.
1200 4281 1287 4334 Gema.
1299 4281 1324 4345 Ι,
1342 4283 1401 4334 391.

289 4354 321 4420 2)
341 4353 428 4407 Comes
453 4357 486 4409 de
504 4354 633 4426 Limomq
656 4355 820 4424 intelligitur.
906 4356 937 4422 3)
958 4357 1037 4420 12⁷9,
1058 4355 1113 4408 Oet.
1134 4357 1184 4417 14,-
1209 4374 1233 4409 u.
1253 4355 1400 4408 Lacomblet

287 4445 333 4479 ar.
354 4430 416 4492 730,
435 4428 477 4492 Il,
493 4445 524 4494 p.
543 4430 607 4481 429.
645 4427 686 4496 Cf:
704 4430 766 4482 Not.
787 4429 885 4493 Colore„
905 4428 955 4485 SS.
975 4429 1080 4494 XXIV,
1096 4447 1126 4496 p.
1147 4430 1211 4482 364.
