2924 5006
275 373 330 424 228
356 374 545 427 ennomus
558 373 671 426 secla
686 373 939 426 cononrsnsls.
960 373 1064 426 CONT.
1074 373 1129 424 111.
1149 369 1378 424 A.1208.1209.

675 546 843 600 Berensis
864 548 888 599 Ι.
908 555 938 601 et
956 548 998 600 II.

276 649 386 692 coram
407 631 561 696 Heinrico
583 631 726 718 palatino
750 633 866 716 comite
888 632 987 716 Reni,
1016 633 1112 699 fratre
1135 634 1220 714 eius,
1248 640 1281 697 et
1311 631 1410 717 prin-

274 711 404 799 cipibus
426 717 482 802 qui
503 726 667 802 presentes
690 719 824 782 aderant
845 718 908 803 ipsi
929 719 1134 803 assignavit&

360 797 436 884 Ipso
459 801 556 865 etiam
577 823 662 866 anno
685 800 819 866 audiens
847 822 934 887 papa
962 825 1022 889 per·
1047 810 1146 866 totam
1169 800 1409 866 Proventiaml

274 878 429 966 plurimas
451 885 596 951 civitates
619 907 693 950 cum
715 885 890 951 baronibus
914 894 947 951 et
959 885 1130 955 ‚nobilibus
1146 897 1250 950 terrae
1266 896 1299 950 et
1313 884 1409 948 clero

273 986 295 1028 a
309 964 373 1029 fide
396 967 553 1033 catholica
573 971 744 1035 recessisse
759 981 792 1035 et
811 971 845 1033 in
859 969 997 1035 heresim
1011 970 1180 1052 decidisse,
1202 967 1409 1033 cardinalem

272 1049 455 1134 quendam¹
485 1055 590 1118 virum
622 1077 657 1118 sa
681 1056 800 1120 ientem
826 1063 858 1118 et
886 1054 1072 1154 religiosum
1104 1053 1180 1118 illuc
1210 1053 1409 1131 transmisit,

274 1142 311 1196 ut
332 1135 550 1232 predicatione
573 1147 605 1203 et
626 1162 667 1203 ex
690 1139 847 1203 ortatione
870 1160 930 1202 sua
950 1138 1021 1203 illos
1044 1138 1086 1202 ad
1108 1136 1206 1202 fidem
1221 1146 1407 1202 revocaret.

273 1217 341 1297 Qur
363 1242 440 1285 mox
462 1232 498 1287 ut
525 1222 605 1286 fines
627 1222 773 1287 illorum⁰
794 1223 850 1288 atti
874 1224 900 1287 it
931 1233 964 1288 et
992 1223 1037 1288 eis
1059 1219 1287 1306 euvangelium
1307 1221 1409 1306 pacis

275 1301 402 1384 obtulit,
435 1304 481 1369 illi
519 1305 665 1372 infelices
705 1318 741 1372 ut
773 1245 902 1392 aspides
937 1306 1122 1372 obturantes
1159 1327 1252 1370 aures
1291 1327 1373 1369 suas
1382 1304 1408 1386 ⁶,

275 1387 413 1452 eundem
436 1391 540 1454 virum
570 1401 716 1456 sanctum
745 1411 815 1456 com
840 1391 1071 1457 rehendentes⁰
1099 1389 1273 1455 crudeliter
1302 1391 1409 1454 inter-

275 1482 430 1537 emenmt.
474 1472 575 1538 Cuius
590 1496 707 1562 corpus
722 1499 742 1540 a
756 1413 904 1539 fidelibus
920 1474 1090 1540 collectum
1112 1485 1144 1540 et
1165 1473 1208 1538 ad
1227 1472 1410 1540 cenobium

274 1556 508 1622 monachorum
536 1557 647 1623 Sancti
673 1559 796 1645 Egydii
823 1558 1021 1641 translatum,
1058 1558 1180 1624 ibidem
1207 1559 1248 1623 ab
1278 1557 1408 1623 abbate

275 1647 308 1702 st
338 1640 493 1707 fratribus
525 1642 687 1728 sepultum
725 1653 782 1708 est.
840 1642 906 1709 Sed
939 1652 1100 1708 transacto
1133 1664 1218 1707 anno
1251 1663 1328 1707 cum
1361 1665 1409 1706 ex

274 1723 417 1790 iussione
444 1727 561 1790 summi
592 1727 755 1814 pontificis
785 1725 989 1813 sepulchrum
1010 1729 1198 1812 aperiretur,
1221 1737 1257 1792 ut
1278 1747 1407 1812 corpus

275 1810 416 1874 martiris
448 1812 482 1875 in
515 1809 686 1876 ecclesiam
719 1810 908 1876 translatum
933 1812 968 1875 in
996 1811 1067 1876 loco
1101 1811 1279 1877 decentiori
1304 1813 1407 1877 iuxta

275 1894 422 1959 tumbam
444 1896 546 1960 sancti
568 1895 679 1982 Egidii
708 1904 890 1983 poneretur,
921 1896 967 1959 ita
998 1916 1108 1961 recens
1142 1917 1237 1961 carne
1265 1905 1297 1960 et
1327 1919 1407 1961 san-

274 1979 372 2062 guine
395 1981 464 2042 sine
485 1978 595 2078 aliqua
622 1981 827 2066 corruptione
847 1981 1014 2044 inventum
1036 1988 1094 2060 est,
1116 1981 1185 2044 acsi
1207 1979 1322 2046 eodem
1348 1980 1406 2045 die

275 2060 324 2126 ibi
346 2064 489 2147 positum
509 2063 630 2129 fuisset.
674 2064 780 2128 Tanta
801 2065 897 2128 etiam
920 2062 984 2128 illic
1004 2063 1195 2148 fraglantiaf
1213 2065 1407 2128 suavissimi

277 2145 386 2210 odoris
408 2148 579 2230 emanavit,
612 2158 648 2213 ut
669 2149 726 2235 qui
751 2159 917 2234 presentes
943 2147 1077 2213 aderant
1103 2157 1203 2214 totam
1230 2147 1407 2214 ecclesiam

276 2230 406 2317 plenam
427 2231 622 2298 aromatibus
644 2255 714 2297 esse
736 2240 894 2318 putarent.

362 2314 440 2380 Otto
455 2315 616 2402 palatinus
631 2337 749 2398 comes,
765 2317 948 2381 interfector
963 2314 1105 2402 Philippi
1119 2318 1214 2402 regis,
1229 2318 1323 2380 iuxta
1334 2317 1407 2381 Da-

275 2400 411 2465 nubium
417 2401 452 2464 in
460 2401 600 2500 quadam
613 2398 930 2465 curtimonachorum
938 2398 978 2464 de
987 2400 1114 2464 Evera²
1125 2400 1235 2484 latens,
1246 2402 1406 2466 Heinrioo

275 2483 316 2550 de
331 2483 499 2548 Kalinthrn
521 2483 667 2570 proditur
675 2495 699 2565 ὅ,
720 2495 753 2550 et
767 2506 844 2548 mox
858 2505 879 2547 a
892 2483 1048 2549 militibus
1068 2485 1136 2549 eius
1151 2486 1405 2568 circumventus,

277 2568 447 2633 crudeliter
469 2569 644 2633 occiditur³
668 2579 700 2634 et
721 2579 756 2633 ut
777 2567 885 2633 decuit
911 2567 945 2632 di
968 2591 1011 2631 na
1035 2580 1137 2634 morte
1159 2571 1259 2634 vitam
1285 2570 1404 2635 finivit.

162 2685 221 2736 Ψ,
230 2688 267 2728 11,
360 2653 465 2717 Itemh
476 2654 548 2738 ipso
560 2674 644 2717 anno
655 2654 685 2717 3.
694 2652 773 2717 Idus
783 2651 904 2739 Aprilis
958 2664 1028 2716 atae
1041 2653 1128 2716 sunti
1142 2653 1234 2719 nobis
1246 2651 1405 2740 reliquiae

277 2738 392 2822 capitis
401 2736 489 2802 beati
503 2737 705 2802 Pantaleonis
715 2737 842 2822 patroni
860 2737 969 2818 nostri,
985 2758 1067 2822 quae
1082 2759 1140 2821 per
1155 2737 1347 2802 Heinricum
1363 2738 1405 2805 de

276 2820 458 2887 Ulmeneka
479 2821 520 2886 de
549 2819 843 2906 Constantinopoli¹
870 2841 940 2884 cum
964 2819 1035 2884 aliis
1056 2821 1231 2887 innumeris
1253 2820 1403 2908 reliquiis

275 2904 459 2984 translatae,
492 2914 524 2970 et
551 2905 592 2969 ab
624 2927 661 2971 eo
689 2927 748 2991 per
778 2904 932 2969 domnum
954 2902 1123 2969 Albertum
1153 2905 1334 2971 abbatemm
1358 2907 1400 2973 de

276 2989 389 3056 Lacu⁵
404 2989 499 3054 nobis
519 2989 735 3071 transmissae,
759 2997 791 3053 et
817 3010 890 3053 oum
912 2989 1057 3053 maxima
1071 2990 1276 3054 veneratione
1292 2993 1399 3056 tocius

277 3075 356 3139 cleri
370 3082 401 3139 et
415 3072 529 3222 pppuli
549 3083 725 3158 susceptae,
747 3071 932 3137 reconditae
959 3082 1032 3136 sunt
1053 3093 1128 3136 cum
1143 3072 1213 3138 aliis
1228 3077 1402 3161 preciosis·

277 3160 368 3224 simis
390 3182 425 3223 re
440 3160 534 3306 'pmis
557 3159 591 3222 in
613 3158 720 3241 capite
741 3166 896 3242 argenteo
919 3166 974 3221 et¹¹
995 3157 1160 3222 deaurato.

455 3246 485 3304 ⁶.
507 3264 609 3305 annus
632 3239 791 3306 Ottonis0.
834 3241 929 3304 Anno
951 3240 1087 3306 Domini
1111 3241 1221 3307 troas

360 3328 566 3392 Innocentius
587 3347 672 3412 papa
694 3324 830 3389 audiens
850 3326 1012 3411 principes
1034 3326 1139 3390 tocius
1161 3327 1289 3424 imperii
1307 3327 1400 3395 Otto-

276 3434 351 3476 nem
379 3414 413 3476 in
441 3432 550 3497 regem
583 3410 734 3495 elegisse,
768 3418 800 3473 et
831 3431 942 3473 eorum
973 3410 1107 3475 consilio
1136 3408 1278 3496 Phihppi
1311 3414 1399 3498 regis

276 3495 385 3576 filiam,
415 3496 562 3581 quamvis
589 3493 865 3579 consanguinitate
887 3494 918 3557 ei
945 3494 1097 3575 iunctam,
1123 3503 1255 3581 propter
1276 3497 1400 3562 bonum

276 3582 367 3667 pacis
390 3589 422 3644 et
443 3576 632 3642 concordiae
646 3576 692 3640 illi
706 3579 740 3642 in
755 3577 959 3642 matrimonio
982 3579 1132 3662 sociasse,
1147 3580 1263 3644 iterum
1286 3603 1401 3666 supra-

276 3761 299 3813 ι)
316 3762 394 3801 desinit
410 3760 497 3811 froom.
513 3762 535 3801 0.
602 3758 626 3810 b)
642 3761 797 3808 Provinciam,
818 3771 886 3800 mona
900 3772 918 3801 s.
935 3759 983 3800 XV.
999 3770 1107 3809 aspernor.
1124 3761 1253 3800 Provoncle
1270 3761 1319 3810 θὶς
1341 3763 1399 3802 Pro·

275 3822 373 3862 vintlsm
390 3823 431 3862 01.
477 3819 661 3872 clsoromBl.
707 3818 869 3869 d)dacstBl.
923 3816 1115 3869 o)appreh.B1.
1175 3817 1242 3869 nita
1257 3819 1360 3862 B·1.01.
1378 3824 1397 3864 2.

275 3879 300 3930 ε)
317 3881 422 3931 proditus
437 3879 485 3927 Bt.
536 3879 561 3929 h)
577 3880 631 3928 Ipso
648 3889 709 3918 anno
726 3880 747 3925 0,
762 3879 800 3918 ahi
815 3879 867 3918 hacc
880 3889 950 3928 nrpro
962 3883 1013 3928 post
1022 3878 1102 3918 Albini
1117 3878 1224 3926 loquatur.
1279 3879 1297 3929 i)
1314 3890 1338 3920 n.
1347 3891 1367 3920 s.
1376 3882 1399 3924 0.

276 3940 302 3990 k)
318 3940 401 3980 Ulmsn
418 3940 439 3980 0.
490 3937 508 3989 Ι)
526 3938 753 3988 constantinopolim
768 3939 789 3978 O.
840 3938 872 3986 m)
889 3937 1015 3977 Abbortum
1031 3949 1088 3978 corr.
1105 3937 1211 3976 abbatem
1227 3938 1249 3978 O.
1293 3935 1320 3988 n)
1337 3942 1361 3979 et
1376 3940 1397 3979 d.

275 3999 358 4041 dcaO.
420 3996 1004 4049 o)1s.B1,aoia.0.oes.‚·2.a.0.aa.02.
1064 3997 1089 4046 p)
1107 3995 1336 4038 nosocomus.

280 4145 308 4214 1)
328 4149 370 4201 De
388 4149 466 4200 Petro
485 4146 519 4199 dc
539 4147 684 4200 (lastelrrou
704 4144 867 4199 Oisteroieasi
887 4147 952 4209 (nou
971 4143 1117 4208 cardinali)
1145 4163 1229 4198 sermo
1248 4165 1303 4200 csse
1322 4147 1396 4202 oide-

276 4229 330 4274 tar.
367 4221 423 4274 PL.
468 4218 497 4287 2)
517 4221 640 4284 Ebraoh5
659 4221 693 4287 cf.
713 4221 746 4272 de
765 4221 818 4272 loco
838 4218 1018 4270 Wakelmoaa
1032 4217 1057 4281 I,
1071 4236 1103 4284 p.
1122 4220 1174 4269 477
1195 4237 1221 4270 n.
1268 4219 1297 4290 3)
1319 4224 1396 4275 Anno

279 4295 462 4433 goiigff'
547 4297 577 4359 4)
597 4295 638 4347 De
662 4311 713 4360 quo
738 4295 773 4360 cs.
794 4293 876 4344 serra
900 4292 975 4381 lieu.
995 4297 1071 4355 cont,
1090 4291 1140 4344 Sd.
1160 4291 1265 4357 XXIV,
1282 4313 1313 4362 p.
1334 4298 1395 4351 392.
