2934 4998
70 404 260 456 CHRONIOA
273 405 384 458 anum
399 405 647 458 COLONIENSIS.
667 406 769 458 ΟΟΝΤ.
780 407 828 459 1v.
846 407 879 459 Δ.
892 407 970 458 1225.
984 408 1064 459 1226.
1103 408 1156 457 257

29 569 258 636 firmissimam
280 573 464 644 elaboravit.
502 574 650 639 Castrum
666 573 847 638 Turunb⁸·¹
873 597 970 660 super
990 574 1155 640 Mosellam

27 656 147 738 situm,
170 656 337 722 latibulum
355 659 544 744 predonum,
567 657 608 722 ad
629 660 808 722 maximum
831 658 1033 723 commodum
1056 659 1155 724 eccle-

28 740 160 804 siarum
187 750 219 804 et
246 743 348 827 patrie
379 744 578 828 comparavit
608 751 639 807 et
666 742 798 807 ecclesie
822 742 1006 808 Coloniensi
1027 742 1156 830 reliquit

25 824 282 973 possidendum.
336 824 436 891 Ouius
469 835 570 892 morte
606 826 735 910 audita,
768 826 940 891 Heinricus
974 848 1080 892 comes
1113 827 1154 892 de

58 909 211 974 cuirinhl
232 912 424 995 promissum
446 911 481 974 in
501 911 723 996 resignacione
744 912 827 1060 repis
849 911 952 976 Dacie
980 920 1094 994 cassat,
1122 922 1155 977 et

25 992 198 1058 mediante
221 995 445 1080 conposicione
467 1004 499 1060 et
518 995 659 1079 acceptis
681 994 784 1059 obsidi
809 1017 846 1058 us
868 1005 899 1060 et
913 996 1044 1094 copiosa
1057 1016 1154 1082 pecu·

25 1079 99 1160 nia,
116 1100 226 1162 regem
241 1078 378 1145 absolvit
393 1089 425 1144 et
438 1078 621 1144 absolutum
660 1079 791 1143 ermittit
805 1079 846 1143 ad
861 1101 990 1179 propria
1001 1101 1151 1145 remeare.

123 1162 240 1226 Postea
256 1165 304 1228 17.
320 1163 393 1228 Kal.
410 1162 600 1228 Decembris
647 1164 784 1227 einricus
804 1185 861 1248 pre
887 1173 986 1228 osrtus
1004 1164 1265 1233 Eurum-roura.

26 1245 77 1308 sis
87 1257 113 1324 ⁰,
128 1247 263 1310 nacione
280 1246 320 1312 de
332 1244 532 1329 Mtilnarken,
555 1245 719 1333 preficitur
733 1248 802 1312 sedi
816 1248 848 1311 vi
872 1257 959 1329 uate3
976 1249 1031 1334 qui
1047 1249 1153 1313 statim

25 1339 111 1415 post
145 1329 337 1396 eleccionem
369 1332 402 1395 in
427 1331 600 1396 vindictam
627 1332 714 1395 necis
743 1333 792 1395 sui
847 1332 958 1396 iissimi
987 1331 1153 1417 predeces-

27 1414 118 1478 soris
156 1435 264 1480 coram
299 1416 459 1514 prioribus
518 1416 634 1480 restitit
667 1354 899 1480 iusiurandbm.
956 1416 1023 1480 Nec
1058 1416 1155 1502 longa

27 1520 129 1562 mora
154 1499 341 1581 intervenit,
369 1522 442 1563 cum
470 1437 535 1564 ad)d
556 1499 743 1564 mandatum
765 1500 907 1564 eiusdem
929 1500 1021 1565 electi
1042 1520 1062 1562 a
1082 1522 1153 1565 vas·

27 1582 123 1646 sallis
160 1580 358 1648 Coloniensis
401 1583 515 1649 eclesie
552 1593 691 1649 castrum
728 1582 883 1669 Isenberg
918 1585 1084 1650 obsessum
1120 1585 1154 1648 in

27 1666 241 1732 dedicionem
262 1678 431 1754 acceptum
461 1676 508 1733 est
536 1679 568 1734 et
589 1667 656 1732 solo
680 1679 879 1755 coequatum.
922 1667 1013 1734 Idem
1036 1667 1154 1734 accidit

27 1750 73 1816 de
98 1749 163 1816 alio
185 1761 290 1817 castro
312 1751 477 1817 eiusdem⁶
499 1754 633 1834 comitis,
649 1752 735 1838 quod
758 1752 875 1816 dicitur
896 1751 1151 1838 Novus-pons&

27 1836 71 1900 In
100 1834 202 1900 natali
222 1836 356 1900 Domini
385 1846 537 1923 sequente
565 1835 734 1902 Cunradus
757 1836 942 1901 Portuensis
969 1838 1259 1922 episcopuanass.

27 1920 212 2007 apostolice
248 1921 333 1986 sedis
368 1920 508 2006 legatus,
544 1920 673 1986 advenit
708 1918 890 2004 Coloniam3
928 1920 984 2006 qui
1018 1919 1153 1986 terribili

28 2005 240 2080 anathemate
273 2004 465 2071 nefandumf
493 2005 695 2070 Fridericum
723 2015 755 2070 et
776 2026 850 2069 suos
880 2003 1053 2092 complices
1079 2027 1151 2092 prc-

28 2091 220 2176 phanavit³.

403 2185 522 2247 Annoss
542 2182 676 2247 Domini
698 2183 790 2249 1226.

120 2265 305 2331 Honoriusl
333 2288 420 2352 papa
447 2268 487 2332 de
514 2267 647 2332 consilio
673 2265 809 2331 fratrum
830 2264 971 2352 legatum
998 2266 1033 2329 in
1053 2267 1153 2330 Fran-

30 2351 120 2415 ciam
148 2351 253 2433 mittit,
281 2350 361 2415 dans
387 2350 434 2414 illi
460 2352 509 2414 ini
542 2351 703 2433 mandato,
731 2361 767 2416 ut
792 2350 927 2416 verbum
957 2351 1061 2415 crucis
1082 2371 1152 2435 pre-

29 2435 122 2500 dicet
144 2445 253 2500 contra
279 2435 437 2501 hereticos
461 2436 659 2502 Avionenses
686 2444 718 2499 et
739 2435 926 2500 Tolosanos.
969 2434 1021 2499 Ad
1048 2435 1152 2498 horta·

29 2520 157 2583 tionem
192 2519 292 2604 igitur
325 2517 355 2584 le
378 2521 422 2584 ati
457 2521 585 2584 nomine
615 2520 752 2585 Romani
783 2521 818 2584 in
850 2520 1020 2584 Franciam
1052 2519 1152 2600 missi,

30 2602 230 2667 Ludewicus
261 2626 320 2667 rex
392 2625 545 2668 ancorum
578 2626 652 2669 cum
685 2603 945 2690 archiepiscopis,
978 2603 1150 2690 episcopis,

30 2687 218 2768 abbatibus,
246 2687 425 2773 comitibus,
452 2686 624 2768 nobilibus,
650 2687 824 2753 baronibus
851 2689 965 2754 ceteris
988 2711 1029 2752 uc
1051 2687 1151 2786 magi·
1179 2746 1187 2764 ,

32 2771 190 2836 stratibus
205 2772 349 2853 Francis,
361 2772 567 2854 Normannie,
581 2770 743 2855 Flandrie,
753 2772 952 2857 Burgundio,
964 2710 1152 2850 drittanme,

33 2855 227 2941 Campanie,
242 2855 400 2932 Hanania
412 2855 573 2939 Alvernie,
590 2855 630 2920 de
644 2858 780 2921 Pontivo
789 2858 813 2938 ¹¹,
829 2858 869 2923 de
885 2857 1010 2920 Bituria
1024 2856 1151 2921 contra¹

31 2941 265 3004 Avionensesm
288 2950 321 3005 et
330 2940 529 3005 Tholosanos
551 2940 706 3015 hereticos
728 2962 824 3006 cruce
846 2941 1022 3024 signantur.
1066 2941 1152 3020 Quo·

31 3047 105 3090 rum
131 3023 304 3089 adventum
326 3047 401 3089 cum
421 3025 564 3091 inaudito
586 3034 744 3111 apparatu
765 3026 852 3090 cives
873 3025 934 3090 de¹¹
958 3022 1150 3105 Carcasone,

32 3108 76 3173 de
98 3107 204 3194 burgo
228 3109 338 3174 Sancti
359 3107 483 3196 Egidii,
506 3108 546 3173 de
567 3108 752 3173 Nemauso⁰
784 3119 816 3174 et
844 3108 885 3172 de
905 3106 1049 3172 Massilia
1081 3128 1150 3170 sen·

33 3195 167 3275 cientes,
200 3194 269 3279 regi
298 3193 496 3258 Francorum
526 3202 704 3275 occurrunt,
738 3213 771 3256 se
803 3214 878 3257 cum
908 3195 975 3256 suis
1001 3191 1150 3256 omnibus

32 3277 138 3362 ipsius
175 3276 316 3342 dominio
352 3278 560 3363 subiugantes
596 3286 628 3341 et
662 3276 796 3341 ecclesie
829 3275 983 3340 catholice
1014 3286 1151 3375 pareret

33 3362 215 3426 iuramento
247 3361 481 3426 confirmantes.
532 3362 651 3425 Verum
681 3361 899 3426 Avionenses‘l
928 3359 1150 3446 prodrcionem

33 3445 214 3527 molientes,
237 3467 311 3510 cum
333 3466 442 3532 regem
462 3445 546 3510 infra
567 3466 675 3510 muros
698 3466 772 3510 suos
793 3446 953 3530 recepisse
975 3453 1149 3529 putassent,

34 3539 145 3615 portas
172 3529 384 3613 recluserunt,
417 3529 474 3594 sed
499 3528 614 3594 inclusi
635 3528 769 3595 viriliter
789 3552 823 3594 se
844 3529 1060 3609 defendentes,
1092 3549 1151 3614 per

35 3675 58 3728 a)
75 3673 243 3727 Turinch013
264 3677 372 3717 'l'urunch
387 3687 444 3716 corr.
461 3674 558 3715 'rumnh
574 3674 615 3715 02.
690 3673 714 3725 b)
728 3673 857 3715 Senurlnoh
873 3675 915 3717 ol.
976 3673 997 3725 c)
1013 3662 1089 3715 Bdnn.
1107 3674 1150 3715 01.

35 3734 562 3787 d)art-ecclesiecliamcauialccoraaoBl.
599 3731 783 3784 elatiamcaus'n
791 3735 952 3773 locoraeoBl.
999 3729 1151 3784 Onerandum
1202 3769 1205 3780 ,

33 3800 84 3844 post
97 3806 156 3837 corr.
173 3794 287 3834 nefandos
307 3795 361 3834 illos
377 3795 422 3845 Bl,
447 3798 466 3833 at
486 3794 518 3833 tta
540 3793 618 3843 rel'sqas'
638 3793 698 3833 codd.
760 3791 784 3844 g)
801 3803 857 3842 quac
870 3794 895 3833 ia
911 3793 951 3832 131
968 3797 1089 3842 sequautur
1104 3802 1151 3832 aon
1197 3808 1199 3822 ε

35 3863 81 3893 uno
96 3858 190 3904 tempore
204 3864 272 3904 aeque
287 3855 359 3893 ecdem
373 3864 441 3894 manu
456 3856 547 3892 sacrate
567 3857 618 3892 auat
640 3863 655 3892 c
675 3853 757 3900 coritis,
780 3852 857 3902 quina
872 3857 949 3892 auctor
965 3863 990 3892 ca
1005 3852 1030 3892 ἐπ
1044 3851 1151 3892 calamum

36 3913 117 3952 aedua
132 3913 230 3963 os'dctur,¹
252 3913 361 3953 nonnulla
375 3924 425 3952 vero
440 3912 486 3962 ipae
497 3917 548 3961 poet
569 3912 689 3951 emendum
707 3912 822 3961 pacemne
841 3917 878 3951 eet.
948 3910 972 3962 h)
989 3910 1104 3950 Honorius
1123 3931 1150 3940 -

35 3973 130 4013 nomine
153 3973 199 4012 aisa
221 3983 288 4012 maan
309 3973 333 4011 ia
355 3973 400 4011 loco
423 3982 476 4011 raso
500 3971 547 4014 Bl.
638 3968 656 4021 ί)
680 3971 752 4010 etiem
775 3969 817 4012 01,
899 3967 923 4020 k)
947 3969 1048 4009 Pontlno
1072 3968 1113 4009 01.
1130 3969 1151 4011 2.

37 4027 56 4081 l)
77 4031 133 4072 dccet
155 4031 197 4071 Οἳ.
285 4029 318 4082 m)
342 4041 370 4070 vo
394 4031 423 4070 de
446 4030 537 4070 Bituria
557 4033 637 4070 contra
657 4028 734 4069 Arion
754 4030 801 4068 atta
822 4039 889 4069 manu
911 4029 936 4068 ta
958 4029 1004 4068 loco
1026 4038 1079 4067 raso
1103 4027 1151 4066 Bt.

38 4088 63 4140 n)
78 4091 134 4131 dact
150 4089 225 4132 Oka.
293 4088 316 4141 o)
340 4100 396 4130 auso
419 4090 466 4129 alta
485 4099 552 4128 mauu
574 4089 599 4128 tn
621 4089 667 4128 loco
689 4100 742 4128 raso
757 4089 803 4129 Bl.
871 4084 896 4139 p)
912 4097 1002 4138 parare,
1018 4091 1043 4126 ut
1057 4087 1148 4134 vidam,

35 4159 93 4190 con.
109 4160 194 4200 parere
209 4151 255 4189 Bl.
315 4146 339 4200 q)
356 4150 468 4190 avienses
483 4159 540 4188 corr.
556 4146 701 4188 Autonomos
717 4148 764 4190 Bt.

39 4261 68 4330 1)
82 4263 175 4315 Parma
187 4264 229 4316 cel
244 4263 360 4326 Theron,
376 4279 461 4329 prope
471 4260 556 4314 Alban
568 4261 662 4324 ritum
683 4261 717 4326 cf.
729 4260 762 4313 G.
779 4259 854 4311 Trea.
866 4256 916 4309 SS.
928 4258 1031 4324 XXIV,
1042 4277 1073 4326 p.
1084 4261 1149 4312 399.

38 4336 67 4402 2)
86 4336 239 4406 Nientritpy
256 4353 339 4404 prope
358 4335 473 4398 Horam
492 4335 527 4402 cf.
544 4333 646 4400 fflicker,
667 4331 823 4401 ‘Drpetbert'
846 4349 876 4398 p.
897 4333 958 4384 270.
1040 4333 1069 4399 3)
1089 4334 1149 4384 Iam

39 4410 122 4462 medio
135 4410 199 4463 Dec.
213 4411 375 4478 Moyrmdoe.

862 4492 901 4555 17
