2942 4998
559 377 747 432 eunomus
766 375 879 430 unuln
899 375 1151 432 concatenata.

370 555 431 605 Hoc
450 560 570 619 tempore
590 553 662 620 apud
680 552 779 604 ludeos
801 578 833 589 -
855 577 886 588 -
908 552 1009 618 Symon
1028 554 1104 620 Onye
1124 552 1202 605 lilius.
1241 552 1320 605 Paul.

371 627 579 679 Machabeorum
597 627 666 677 liber
683 629 783 694 primus
803 626 854 676 hoo
872 631 993 693 tempore
1012 629 1125 694 scriptus
1145 632 1193 678 est.
1231 627 1317 679 Beda.

370 702 517 766 Tarentini,
536 705 620 751 morte
639 701 707 752 Pirri
726 705 862 766 comperta
879 726 916 736 -
939 725 968 737 —
990 699 1154 751 deditionem
1177 702 1294 767 aceepit.
1331 701 1420 752 Paul.

370 775 457 840 Igitur
470 775 614 826 exercitum
627 773 731 825 faciens
746 800 778 811 -
794 799 828 810 —
843 774 946 825 cunctis
959 773 1116 825 miraculum
1128 774 1188 825 fuit.
1231 772 1304 826 Oros.
1319 773 1376 840 IV,
1391 774 1418 826 8.

370 849 589 914 Kartaginienses
609 849 674 898 victi
695 873 726 884 -
750 873 779 884 -
801 845 984 913 pontificatum
1003 847 1129 898 habente.
1165 846 1244 898 Paul.
1463 869 1465 954 Ι

370 922 410 973 Eo
429 927 548 988 ternpore
569 921 703 972 Sostratus
722 921 833 987 pharum
852 922 880 970 in
898 920 1063 972 Alexandria
1086 923 1240 974 construxit.
1278 921 1339 972 Hoc
1366 921 1419 972 fuit
1463 955 1465 1008 Ι

297 1011 378 1046 unum
399 993 433 1046 de
452 995 618 1046 mirabilibus
638 994 730 1044 mundi
748 1020 782 1031 -
806 1021 835 1031 -
856 999 1018 1046 terremotu
1038 995 1144 1046 corruit.
1181 994 1252 1048 Petr.
1274 993 1343 1050 Oom.

370 1069 498 1131 Quartum
512 1074 553 1120 est
565 1067 722 1119 miraculum
737 1094 768 1104 -
785 1095 817 1104 ·-
831 1069 860 1118 in
874 1067 1073 1135 columpnarum
1086 1068 1270 1134 magnitudine
1281 1069 1419 1122 mirabile.
1462 1009 1465 1144 l

298 1139 401 1208 (Beda)
421 1140 463 1192 De
483 1140 577 1192 711111.
611 1189 614 1197 ,
1464 1145 1465 1148 ’

371 1214 457 1280 Igitur
469 1215 688 1281 Kartaginienses
701 1213 834 1280 Regulum
848 1213 942 1265 ducem
956 1242 992 1252 —
1005 1243 1042 1252 -
1053 1215 1195 1269 Amiloaris
1208 1217 1300 1271 filium.
1334 1216 1416 1269 Paul.

370 1289 425 1339 Hic
444 1288 591 1353 Saguntum
613 1315 647 1326 --
667 1315 700 1324 -
722 1288 755 1338 de
775 1287 884 1340 Illiricis
903 1288 1019 1354 gloriose
1037 1290 1218 1357 triumphavit.
1255 1291 1345 1343 Laud.

370 1362 432 1412 Hoc
451 1367 570 1429 tempore
589 1362 798 1412 Machabeorum
816 1362 885 1413 liber
904 1363 1037 1414 secundus
1056 1366 1171 1430 scriptus
1190 1370 1239 1416 est.
1276 1365 1364 1417 Beda.

370 1435 481 1487 Publius
495 1435 635 1488 0611161161
649 1435 740 1502 Scipio
756 1461 790 1470 —
806 1461 840 1474 -
854 1434 903 1486 sed
915 1436 1035 1488 homines
1051 1437 1127 1488 brevi
1142 1437 1285 1491 defuturos.
1320 1437 1416 1490 Laud.

298 1508 1182 1576 QuomodomortuolnlioneposeiusOctavianusei
1195 1515 1416 1564 successerit

297 1583 374 1633 Anno
390 1583 424 1632 ab
438 1583 471 1634 U.
492 1598 515 1634 6.
537 1583 598 1634 709.
617 1582 757 1633 interfecto
773 1611 806 1618 —
822 1609 852 1619 -
867 1583 982 1649 Tyberio
1001 1587 1150 1636 successori
1168 1585 1284 1651 reliquit.
1321 1584 1416 1637 Lund.

370 1654 468 1706 Annos
486 1657 571 1723 primo
591 1657 734 1708 Octaviani
753 1683 787 1694 ——
809 1659 1109 1724 -possessionumque
1130 1658 1279 1726 descripsit.
1310 1659 1416 1712 Elkelr.

645 1730 694 1780 De
713 1731 900 1782 nativitate
918 1731 1065 1782 Domini.

371 1801 447 1854 Anno
467 1803 501 1853 ab
521 1804 554 1854 U.
575 1819 598 1854 6.
621 1803 943 1870 762011166111111193,
970 1804 1083 1856 61616111
1108 1804 1143 1855 ab
1167 1806 1243 1856 initio
1271 1808 1415 1859 creationis

297 1878 413 1927 humane
432 1877 509 1928 annis
529 1877 609 1939 5199,
629 1878 736 1942 quando
755 1876 933 1928 firmissimam
960 1903 993 1914 —-
1021 1903 1053 1914 -·-
1080 1893 1132 1944 pax
1150 1879 1202 1930 ista
1223 1879 1415 1932 famulabatur.

301 1947 376 2001 Oros.
402 1948 447 2013 VI,
470 1951 494 2000 1.

371 2024 416 2089 qui
436 2025 517 2073 etium
536 2029 638 2074 sextam
657 2048 694 2060 -
714 2049 747 2060 -
767 2025 795 2073 in
814 2023 903 2074 medio
927 2023 984 2074 foro
1008 2039 1094 2090 agnus
1116 2023 1221 2076 locutus
1248 2031 1298 2077 est.
1335 2026 1416 2078 Beda

297 2095 331 2147 dc
350 2097 366 2144 6
387 2094 457 2147 ceti

370 2169 448 2220 Anno
463 2169 490 2221 d.
504 2170 522 2218 i.
539 2167 666 2231 secundo,
687 2169 733 2234 qni
746 2174 787 2220 611
798 2169 914 2235 Augusti
933 2172 977 2236 43,
996 2171 1132 2238 Augustus
1152 2174 1304 2223 amiciciam
1323 2199 1360 2210 -
1380 2201 1415 2210 -

298 2242 370 2293 unde
391 2247 418 2292 et
437 2243 555 2293 moritur.
591 2241 693 2293 11161611.

371 2315 406 2366 A.
421 2315 447 2366 d.
459 2317 477 2366 i.
494 2315 535 2378 16,
556 2317 601 2381 qni
621 2320 662 2366 est
681 2331 697 2364 a
716 2313 825 2366 condita
843 2317 917 2368 Urbe
937 2318 1016 2382 1162,
1035 2318 1167 2386 Tyberins
1187 2346 1219 2356 -
1242 2346 1274 2354 -
1296 2320 1322 2370 ei
1342 2336 1416 2372 com-

299 2389 455 2439 mitteretur.
493 2387 558 2440 ibid.

371 2463 508 2528 Nusquam
521 2464 579 2528 ipse
592 2464 723 2528 pugnavit
739 2489 770 2498 -
785 2489 819 2499 -
834 2462 975 2530 Caligulae
988 2465 1092 2516 insidiis
1106 2465 1238 2516 extinctus
1252 2472 1300 2517 est.
1322 2465 1416 2521 Laud.

371 2537 404 2586 A.
424 2537 458 2586 D.
481 2536 523 2586 17.
544 2563 577 2572 -
599 2563 633 2573 -
654 2538 732 2587 etatis
751 2551 814 2586 vero
836 2536 878 2588 78.
915 2537 1016 2589 1111111611.

371 2608 404 2659 A.
425 2609 451 2659 d.
469 2609 487 2658 i.
507 2610 551 2671 39,
572 2609 605 2659 ab
625 2609 659 2660 U.
679 2625 742 2660 vero
767 2627 791 2661 6.
812 2610 874 2662 790.
897 2612 997 2662 tercius
1016 2611 1050 2661 ab
1069 2611 1190 2676 Augusto
1211 2612 1293 2664 Gaius
1320 2641 1355 2651 -
1380 2641 1418 2652 -

299 2679 397 2748 dieque
416 2687 522 2734 octavo.
559 2680 648 2734 Laud.

370 2754 403 2805 A.
423 2756 459 2805 D.
479 2756 525 2805 40.
543 2782 577 2792 -·-
597 2783 633 2792 -
652 2756 730 2820 regni
749 2762 852 2821 quarto.
889 2756 989 2809 nureo.

370 2827 403 2878 A.
423 2828 449 2878 d.
470 2829 487 2877 i.
508 2829 552 2889 43,
572 2828 605 2878 ab
625 2828 658 2882 U.
678 2833 767 2880 autem
787 2845 811 2879 6.
826 2829 888 2880 794.
909 2830 1084 2882 01666161·-
1099 2859 1124 2869 —
1148 2833 1295 2884 incederet.
1324 2833 1418 2888 nonu.

371 2901 403 2953 A.
424 2900 523 2954 1).41.
562 2901 595 2950 12
615 2901 783 2967 apostoli-
804 2928 838 2938 -
858 2905 929 2954 vitae
948 2919 1012 2954 suae
1033 2905 1077 2954 64.
1115 2905 1215 2958 Erret.

371 2974 404 3025 A.
425 2974 451 3024 d.
470 2975 488 3026 i.
510 2975 554 3038 57,
581 2975 614 3024 ab
633 2976 667 3026 U.
693 2990 757 3026 vero
784 2990 807 3027 c.
827 2973 890 3027 808.
929 2978 1069 3029 Domicius
1091 2979 1162 3030 Nero
1191 3006 1221 3018 -
1249 3007 1284 3016 —
1308 2981 1417 3048 imperii

298 3044 404 3098 16111,
442 3045 532 3098 Lanu.

372 3120 405 3172 A.
424 3121 460 3170 D.
480 3121 524 3172 68.
561 3121 660 3172 Paulus
679 3119 816 3188 apostolus
837 3148 870 3158 -
889 3139 1003 3174 -esse
1023 3124 1187 3177 devoratum.
1227 3125 1327 3178 Eruet.

372 3194 405 3246 A.
425 3195 460 3245 D.
483 3195 525 3258 71,
546 3194 579 3244 ab
598 3195 632 3245 U.
650 3209 714 3245 vero
734 3209 758 3245 c.
778 3194 840 3245 822.
879 3195 1207 3250 Galba--deiectua
1244 3200 1417 3266 Antyochiae

299 3267 433 3319 secundus
452 3267 590 3319 ordinatur
609 3269 750 3335 episcopus
768 3267 898 3332 Ignatius.
936 3269 1037 3321 aaron.

371 3341 448 3393 Auno
469 3340 496 3392 d.
515 3343 534 3392 i.
554 3341 597 3405 72,
622 3342 655 3392 ab
671 3343 705 3394 U.
726 3357 750 3393 6.
770 3340 833 3394 826.
859 3342 934 3393 brevi
958 3343 1008 3392 illa
1032 3343 1140 3409 quidem
1166 3373 1201 3382 -
1226 3373 1262 3382 -
1287 3354 1418 3399 assecuta

299 3419 349 3466 est.
386 3415 477 3466 Laud.

374 3488 493 3555 Cumque
513 3489 625 3539 Romam
643 3489 776 3540 incendiis
795 3516 831 3525 -
851 3516 885 3525 —
906 3494 1023 3540 mortuus
1043 3497 1092 3542 est.
1129 3489 1229 3543 Ennea
1268 3513 1271 3520 ·

370 3560 404 3612 A.
416 3562 451 3611 D.
465 3561 510 3623 81,
530 3561 564 3612 ab
576 3562 610 3613 U.
623 3577 686 3612 vero
701 3578 724 3612 o.
739 3560 800 3612 832.
820 3563 895 3613 'litus
914 3589 947 3599 -
962 3589 996 3600 —
1011 3563 1059 3614 eed
1078 3563 1125 3614 alii
1143 3566 1194 3616 hoo
1208 3572 1316 3632 negant.
1346 3566 1416 3618 ibid.

370 3634 404 3684 A.
423 3634 458 3683 D.
478 3632 523 3696 83,
543 3635 576 3684 ab
589 3634 623 3685 U.
642 3640 730 3685 autem
751 3650 775 3684 6.
790 3634 853 3685 834.
890 3635 1064 3688 Βο611616661
1086 3663 1120 3674 -
1138 3639 1327 3692 -Iohannes
1348 3657 1416 3709 apo-

298 3705 383 3757 stolus
401 3707 475 3757 iussu
493 3707 577 3772 ipsius
596 3707 707 3757 Romam
726 3709 846 3768 veniens,
865 3709 892 3758 in
905 3709 1031 3760 ferventis
1047 3709 1101 3760 olei
1114 3710 1220 3763 duleum
1234 3719 1296 3764 ante
1309 3720 1416 3780 portam

298 3779 422 3830 Latinam
442 3780 561 3844 mittitur,
579 3778 696 3844 indeque
716 3796 774 3830 cum
794 3780 887 3833 illesus
910 3783 1016 3847 exisset,
1042 3785 1070 3833 in
1088 3785 1214 3837 Pathmos
1238 3787 1353 3839 insulam
1380 3788 1416 3838 ab

300 3852 395 3903 eodem
415 3852 525 3902 Metello
544 3851 681 3917 religatur.
717 3851 807 3904 Laud.

372 3925 493 3992 Cumque
513 3927 620 3977 odiosus
640 3931 711 3977 esset
726 3928 897 3978 omnibus-
911 3955 942 3964 -
959 3944 975 3979 1
993 3931 1048 3980 1611
1061 3931 1216 3984 interfectus
1231 3938 1282 3984 est.
1311 3933 1417 3988 67611611.

371 4000 412 4120 Ab
418 3999 453 4050 D.
467 4000 510 4064 99,
529 3999 562 4050 U.
576 4015 640 4050 vero
654 4015 678 4050 6.
693 4000 754 4050 860.
773 4001 862 4052 Nerva
876 4001 1006 4054 Cocceius
1021 4031 1054 4039 -
1069 4005 1181 4057 -solis
1202 4006 1318 4059 defectio
1337 4009 1417 4061 facta

299 4078 349 4124 est.
386 4069 452 4123 tia.

371 4145 405 4196 A.
416 4145 441 4197 d.
450 4145 468 4194 i.
482 4145 543 4208 100,
552 4145 586 4197 U.
598 4161 621 4196 6.
632 4146 695 4196 861.
706 4145 819 4215 Vulpius
834 4147 949 4199 Crinitus
962 4175 994 4185 —-
1007 4175 1040 4186 -
1051 4151 1170 4217 privatus
1180 4158 1307 4221 optasset.
1321 4155 1416 4210 Laod.

371 4218 425 4268 Hic
443 4224 537 4286 postea
556 4218 733 4287 deceptus-
746 4246 783 4259 -
795 4221 957 4287 lherapolim
977 4223 1158 4276 sacerdotium
1177 4243 1282 4292 gerens.
1311 4229 1416 4282 Erret.

298 4325 322 4376 a)
344 4327 407 4367 Anni
422 4327 545 4369 Octaviani
559 4329 658 4378 Augusti
673 4335 692 4368 et
707 4335 815 4383 numeros,
827 4336 904 4380 postea
919 4331 955 4371 De
971 4332 1071 4383 uyberio
1087 4345 1173 4389 cesare,
1194 4341 1213 4376 et
1228 4337 1259 4378 itu
1275 4338 1374 4390 66116666
1389 4341 1416 4381 de

296 4387 389 4436 11691011
403 4387 568 4438 imperatoribus
583 4389 651 4429 rutro
666 4389 690 4428 trs
704 4401 773 4440 moro.
789 4390 839 4430 cdd.
854 4391 922 4439 codd..
939 4401 994 4440 quoe
1010 4393 1125 4434 omisimus.
