<?xml version="1.0" encoding="UTF-8"?>
<!DOCTYPE html PUBLIC "-//W3C//DTD XHTML 1.0 Transitional//EN"
    "http://www.w3.org/TR/xhtml1/DTD/xhtml1-transitional.dtd">
<html xmlns="http://www.w3.org/1999/xhtml" xml:lang="en" lang="en">
 <head>
  <title>
</title>
<meta http-equiv="Content-Type" content="text/html;charset=utf-8" />
  <meta name='ocr-system' content='tesseract 3.04.00' />
  <meta name='ocr-capabilities' content='ocr_page ocr_carea ocr_par ocr_line ocrx_word'/>
</head>
<body>
  <div class='ocr_page' id='page_1' title='image "./chronicaregiaco01waitgoog_0356.png"; bbox 0 0 2934 4998; ppageno 0'>
   <div class='ocr_carea' id='block_1_1' title="bbox 300 396 1245 452">
    <p class='ocr_par' dir='ltr' id='par_1_1' title="bbox 300 396 1245 452">
     <span class='ocr_line' id='line_1_1' title="bbox 300 396 1245 452; baseline -0.003 -2"><span class='ocrx_word' id='word_1_1' title='bbox 300 401 354 450; x_wconf 73' lang='grc'>824</span> <span class='ocrx_word' id='word_1_2' title='bbox 489 399 539 450; x_wconf 87' lang='lat' dir='ltr'>EX</span> <span class='ocrx_word' id='word_1_3' title='bbox 558 397 747 452; x_wconf 77' lang='lat' dir='ltr'>urls‘roms</span> <span class='ocrx_word' id='word_1_4' title='bbox 768 398 943 451; x_wconf 79' lang='lat' dir='ltr'>GUIBERTI</span> <span class='ocrx_word' id='word_1_5' title='bbox 961 396 1245 450; x_wconf 74' lang='lat' dir='ltr'>oemssnacuusls.</span> 
     </span>
    </p>
   </div>
   <div class='ocr_carea' id='block_1_2' title="bbox 221 561 1419 2757">
    <p class='ocr_par' dir='ltr' id='par_1_2' title="bbox 300 561 1412 650">
     <span class='ocr_line' id='line_1_2' title="bbox 300 561 1412 650; baseline -0.003 -20"><span class='ocrx_word' id='word_1_6' title='bbox 300 587 441 644; x_wconf 89' lang='lat' dir='ltr'>nensem,</span> <span class='ocrx_word' id='word_1_7' title='bbox 471 564 677 631; x_wconf 89' lang='lat' dir='ltr'>vehementer</span> <span class='ocrx_word' id='word_1_8' title='bbox 697 569 732 630; x_wconf 93' lang='lat' dir='ltr'>in</span> <span class='ocrx_word' id='word_1_9' title='bbox 753 589 787 631; x_wconf 89' lang='lat' dir='ltr'>se</span> <span class='ocrx_word' id='word_1_10' title='bbox 814 565 989 630; x_wconf 81' lang='lat' dir='ltr'>concitatos</span> <span class='ocrx_word' id='word_1_11' title='bbox 1019 573 1052 630; x_wconf 89' lang='lat' dir='ltr'>et</span> <span class='ocrx_word' id='word_1_12' title='bbox 1078 561 1176 628; x_wconf 83' lang='lat' dir='ltr'>nichil</span> <span class='ocrx_word' id='word_1_13' title='bbox 1202 561 1292 627; x_wconf 89' lang='lat' dir='ltr'>aliud</span> <span class='ocrx_word' id='word_1_14' title='bbox 1323 584 1412 650; x_wconf 91' lang='lat' dir='ltr'>quam</span> 
     </span>
    </p>

    <p class='ocr_par' dir='ltr' id='par_1_3' title="bbox 221 647 1419 2757">
     <span class='ocr_line' id='line_1_3' title="bbox 221 647 1414 736; baseline -0.003 -21"><span class='ocrx_word' id='word_1_15' title='bbox 221 674 286 716; x_wconf 79' lang='lat' dir='ltr'>naa</span> <span class='ocrx_word' id='word_1_16' title='bbox 299 649 401 736; x_wconf 90' lang='lat' dir='ltr'>prelia</span> <span class='ocrx_word' id='word_1_17' title='bbox 428 651 463 713; x_wconf 93' lang='lat' dir='ltr'>in</span> <span class='ocrx_word' id='word_1_18' title='bbox 484 649 670 715; x_wconf 89' lang='lat' dir='ltr'>alterutrum</span> <span class='ocrx_word' id='word_1_19' title='bbox 703 650 910 731; x_wconf 79' lang='lat' dir='ltr'><strong>meditantes,</strong></span> <span class='ocrx_word' id='word_1_20' title='bbox 939 649 1052 735; x_wconf 88' lang='lat' dir='ltr'>positis</span> <span class='ocrx_word' id='word_1_21' title='bbox 1081 647 1123 712; x_wconf 90' lang='lat' dir='ltr'>ad</span> <span class='ocrx_word' id='word_1_22' title='bbox 1152 647 1326 713; x_wconf 91' lang='lat' dir='ltr'>dimidium</span> <span class='ocrx_word' id='word_1_23' title='bbox 1354 647 1414 712; x_wconf 88' lang='lat' dir='ltr'>lere</span> 
     </span>
     <span class='ocr_line' id='line_1_4' title="bbox 299 731 1414 820; baseline -0.001 -22"><span class='ocrx_word' id='word_1_24' title='bbox 299 757 419 799; x_wconf 90' lang='lat' dir='ltr'>annum</span> <span class='ocrx_word' id='word_1_25' title='bbox 451 737 571 819; x_wconf 87' lang='lat' dir='ltr'>treugis</span> <span class='ocrx_word' id='word_1_26' title='bbox 582 746 603 817; x_wconf 91' lang='lat'>¹,</span> <span class='ocrx_word' id='word_1_27' title='bbox 631 735 826 799; x_wconf 88' lang='lat' dir='ltr'>merentibus</span> <span class='ocrx_word' id='word_1_28' title='bbox 854 732 996 798; x_wconf 85' lang='lat' dir='ltr'>leticiam</span> <span class='ocrx_word' id='word_1_29' title='bbox 1031 742 1064 798; x_wconf 89' lang='lat' dir='ltr'>et</span> <span class='ocrx_word' id='word_1_30' title='bbox 1097 756 1154 820; x_wconf 91' lang='lat' dir='ltr'>pre</span> <span class='ocrx_word' id='word_1_31' title='bbox 1190 731 1414 819; x_wconf 76' lang='lat' dir='ltr'>expectatione</span> 
     </span>
     <span class='ocr_line' id='line_1_5' title="bbox 299 816 1414 905; baseline -0.004 -22"><span class='ocrx_word' id='word_1_32' title='bbox 299 819 535 884; x_wconf 89' lang='lat' dir='ltr'>imminentium</span> <span class='ocrx_word' id='word_1_33' title='bbox 556 817 713 884; x_wconf 87' lang='lat' dir='ltr'>malorum</span> <span class='ocrx_word' id='word_1_34' title='bbox 728 818 961 905; x_wconf 79' lang='lat' dir='ltr'>trepidantibus</span> <span class='ocrx_word' id='word_1_35' title='bbox 977 816 1190 882; x_wconf 77' lang='lat' dir='ltr'>desideratam</span> <span class='ocrx_word' id='word_1_36' title='bbox 1212 817 1414 881; x_wconf 83' lang='lat' dir='ltr'>securitatem</span> 
     </span>
     <span class='ocr_line' id='line_1_6' title="bbox 298 899 1417 989; baseline -0.004 -22"><span class='ocrx_word' id='word_1_37' title='bbox 298 903 477 969; x_wconf 85' lang='lat' dir='ltr'>reddidisti.</span> <span class='ocrx_word' id='word_1_38' title='bbox 520 903 587 968; x_wconf 89' lang='lat' dir='ltr'>Nec</span> <span class='ocrx_word' id='word_1_39' title='bbox 609 925 646 967; x_wconf 90' lang='lat' dir='ltr'>eo</span> <span class='ocrx_word' id='word_1_40' title='bbox 662 905 752 989; x_wconf 86' lang='lat' dir='ltr'>pacis</span> <span class='ocrx_word' id='word_1_41' title='bbox 773 903 896 968; x_wconf 88' lang='lat' dir='ltr'>initiate</span> <span class='ocrx_word' id='word_1_42' title='bbox 919 903 1059 966; x_wconf 89' lang='lat' dir='ltr'>contenti</span> <span class='ocrx_word' id='word_1_43' title='bbox 1081 912 1164 966; x_wconf 89' lang='lat' dir='ltr'>stare</span> <span class='ocrx_word' id='word_1_44' title='bbox 1185 899 1256 966; x_wconf 92' lang='lat' dir='ltr'>loco</span> <span class='ocrx_word' id='word_1_45' title='bbox 1281 901 1417 987; x_wconf 85' lang='lat' dir='ltr'>speciosi</span> 
     </span>
     <span class='ocr_line' id='line_1_7' title="bbox 299 983 1416 1075; baseline -0.004 -23"><span class='ocrx_word' id='word_1_46' title='bbox 299 987 423 1074; x_wconf 77' lang='lat' dir='ltr'>pedes²</span> <span class='ocrx_word' id='word_1_47' title='bbox 445 989 552 1068; x_wconf 88' lang='lat' dir='ltr'>vestri,</span> <span class='ocrx_word' id='word_1_48' title='bbox 575 988 714 1075; x_wconf 87' lang='lat' dir='ltr'>speciosi</span> <span class='ocrx_word' id='word_1_49' title='bbox 735 1009 794 1073; x_wconf 90' lang='lat' dir='ltr'>pro</span> <span class='ocrx_word' id='word_1_50' title='bbox 816 1009 854 1053; x_wconf 92' lang='lat' dir='ltr'>eo</span> <span class='ocrx_word' id='word_1_51' title='bbox 876 986 964 1073; x_wconf 87' lang='lat' dir='ltr'>quod</span> <span class='ocrx_word' id='word_1_52' title='bbox 995 987 1164 1051; x_wconf 89' lang='lat' dir='ltr'>currebant</span> <span class='ocrx_word' id='word_1_53' title='bbox 1184 984 1227 1049; x_wconf 90' lang='lat' dir='ltr'>ad</span> <span class='ocrx_word' id='word_1_54' title='bbox 1255 983 1416 1070; x_wconf 86' lang='lat' dir='ltr'>euangeli-</span> 
     </span>
     <span class='ocr_line' id='line_1_8' title="bbox 300 1069 1419 1158; baseline -0.003 -22"><span class='ocrx_word' id='word_1_55' title='bbox 300 1071 437 1136; x_wconf 81' lang='lat' dir='ltr'>nandam</span> <span class='ocrx_word' id='word_1_56' title='bbox 459 1094 584 1157; x_wconf 89' lang='lat' dir='ltr'>pacem,</span> <span class='ocrx_word' id='word_1_57' title='bbox 606 1073 810 1158; x_wconf 85' lang='lat' dir='ltr'>impatientes</span> <span class='ocrx_word' id='word_1_58' title='bbox 832 1093 921 1136; x_wconf 91' lang='lat' dir='ltr'>more</span> <span class='ocrx_word' id='word_1_59' title='bbox 943 1078 976 1134; x_wconf 90' lang='lat' dir='ltr'>et</span> <span class='ocrx_word' id='word_1_60' title='bbox 995 1070 1101 1156; x_wconf 86' lang='lat' dir='ltr'>ignari</span> <span class='ocrx_word' id='word_1_61' title='bbox 1122 1071 1262 1155; x_wconf 84' lang='lat' dir='ltr'>ignavie,</span> <span class='ocrx_word' id='word_1_62' title='bbox 1285 1072 1323 1134; x_wconf 94' lang='lat' dir='ltr'>in</span> <span class='ocrx_word' id='word_1_63' title='bbox 1345 1069 1419 1133; x_wconf 85' lang='lat' dir='ltr'>ulte·</span> 
     </span>
     <span class='ocr_line' id='line_1_9' title="bbox 299 1152 1417 1242; baseline -0.003 -22"><span class='ocrx_word' id='word_1_64' title='bbox 299 1157 385 1221; x_wconf 91' lang='lat' dir='ltr'>riora</span> <span class='ocrx_word' id='word_1_65' title='bbox 405 1155 606 1238; x_wconf 83' lang='lat' dir='ltr'>festinarunt,</span> <span class='ocrx_word' id='word_1_66' title='bbox 638 1165 673 1220; x_wconf 91' lang='lat' dir='ltr'>ut</span> <span class='ocrx_word' id='word_1_67' title='bbox 700 1157 849 1220; x_wconf 88' lang='lat' dir='ltr'>comitem</span> <span class='ocrx_word' id='word_1_68' title='bbox 879 1177 1007 1242; x_wconf 91' lang='lat' dir='ltr'>quoque</span> <span class='ocrx_word' id='word_1_69' title='bbox 1027 1152 1260 1219; x_wconf 87' lang='lat' dir='ltr'>Flandrensem</span> <span class='ocrx_word' id='word_1_70' title='bbox 1289 1163 1324 1219; x_wconf 92' lang='lat' dir='ltr'>et</span> <span class='ocrx_word' id='word_1_71' title='bbox 1351 1175 1417 1240; x_wconf 92' lang='lat' dir='ltr'>pre-</span> 
     </span>
     <span class='ocr_line' id='line_1_10' title="bbox 299 1237 1418 1338; baseline -0.003 -34"><span class='ocrx_word' id='word_1_72' title='bbox 299 1240 422 1306; x_wconf 90' lang='lat' dir='ltr'>dictum</span> <span class='ocrx_word' id='word_1_73' title='bbox 451 1240 683 1305; x_wconf 87' lang='lat' dir='ltr'>Lovaniensem</span> <span class='ocrx_word' id='word_1_74' title='bbox 706 1239 822 1306; x_wconf 91' lang='lat' dir='ltr'>ducem</span> <span class='ocrx_word' id='word_1_75' title='bbox 831 1252 853 1321; x_wconf 82' lang='lat'>²,</span> <span class='ocrx_word' id='word_1_76' title='bbox 885 1241 991 1304; x_wconf 90' lang='lat' dir='ltr'>virum</span> <span class='ocrx_word' id='word_1_77' title='bbox 1024 1239 1186 1338; x_wconf 80' lang='lat' dir='ltr'>quondam</span> <span class='ocrx_word' id='word_1_78' title='bbox 1207 1237 1360 1303; x_wconf 90' lang='lat' dir='ltr'>inclitum</span> <span class='ocrx_word' id='word_1_79' title='bbox 1390 1248 1418 1302; x_wconf 88' lang='lat' dir='ltr'>et</span> 
     </span>
     <span class='ocr_line' id='line_1_11' title="bbox 299 1320 1417 1408; baseline -0.003 -20"><span class='ocrx_word' id='word_1_80' title='bbox 299 1325 449 1390; x_wconf 90' lang='lat' dir='ltr'>comitem</span> <span class='ocrx_word' id='word_1_81' title='bbox 480 1324 647 1408; x_wconf 91' lang='lat' dir='ltr'>Durachii,</span> <span class='ocrx_word' id='word_1_82' title='bbox 674 1347 759 1389; x_wconf 90' lang='lat' dir='ltr'>nunc</span> <span class='ocrx_word' id='word_1_83' title='bbox 790 1333 897 1389; x_wconf 88' lang='lat' dir='ltr'>autem</span> <span class='ocrx_word' id='word_1_84' title='bbox 931 1323 997 1388; x_wconf 89' lang='lat' dir='ltr'>Dei</span> <span class='ocrx_word' id='word_1_85' title='bbox 1030 1322 1150 1388; x_wconf 90' lang='lat' dir='ltr'>1udioio</span> <span class='ocrx_word' id='word_1_86' title='bbox 1181 1323 1297 1388; x_wconf 90' lang='lat' dir='ltr'>morbo</span> <span class='ocrx_word' id='word_1_87' title='bbox 1333 1320 1417 1408; x_wconf 92' lang='lat' dir='ltr'>lepre</span> 
     </span>
     <span class='ocr_line' id='line_1_12' title="bbox 298 1407 1419 1508; baseline -0.002 -36"><span class='ocrx_word' id='word_1_88' title='bbox 298 1431 499 1507; x_wconf 88' lang='lat' dir='ltr'>respersum,</span> <span class='ocrx_word' id='word_1_89' title='bbox 535 1410 655 1508; x_wconf 83' lang='lat' dir='ltr'>inique,</span> <span class='ocrx_word' id='word_1_90' title='bbox 693 1418 728 1473; x_wconf 91' lang='lat' dir='ltr'>ut</span> <span class='ocrx_word' id='word_1_91' title='bbox 764 1407 911 1495; x_wconf 89' lang='lat' dir='ltr'>pluribus</span> <span class='ocrx_word' id='word_1_92' title='bbox 947 1408 1092 1489; x_wconf 89' lang='lat' dir='ltr'>videtur,</span> <span class='ocrx_word' id='word_1_93' title='bbox 1114 1407 1351 1472; x_wconf 84' lang='lat' dir='ltr'>exheredantes</span> <span class='ocrx_word' id='word_1_94' title='bbox 1390 1416 1419 1471; x_wconf 90' lang='lat' dir='ltr'>et</span> 
     </span>
     <span class='ocr_line' id='line_1_13' title="bbox 297 1491 1417 1578; baseline -0.002 -22"><span class='ocrx_word' id='word_1_95' title='bbox 297 1491 476 1578; x_wconf 83' lang='lat' dir='ltr'>afflrgentes</span> <span class='ocrx_word' id='word_1_96' title='bbox 498 1493 539 1558; x_wconf 92' lang='lat' dir='ltr'>ab</span> <span class='ocrx_word' id='word_1_97' title='bbox 562 1494 681 1558; x_wconf 80' lang='lat' dir='ltr'>inlusta</span> <span class='ocrx_word' id='word_1_98' title='bbox 702 1515 809 1557; x_wconf 89' lang='lat' dir='ltr'>rerum</span> <span class='ocrx_word' id='word_1_99' title='bbox 836 1491 920 1557; x_wconf 90' lang='lat' dir='ltr'>illius</span> <span class='ocrx_word' id='word_1_100' title='bbox 942 1493 1109 1556; x_wconf 83' lang='lat' dir='ltr'>invasione</span> <span class='ocrx_word' id='word_1_101' title='bbox 1131 1502 1308 1556; x_wconf 90' lang='lat' dir='ltr'>conventos</span> <span class='ocrx_word' id='word_1_102' title='bbox 1331 1512 1417 1556; x_wconf 87' lang='lat' dir='ltr'>revo-</span> 
     </span>
     <span class='ocr_line' id='line_1_14' title="bbox 298 1575 1346 1664; baseline -0.003 -22"><span class='ocrx_word' id='word_1_103' title='bbox 298 1577 424 1642; x_wconf 89' lang='lat' dir='ltr'>caretis.</span> <span class='ocrx_word' id='word_1_104' title='bbox 468 1575 570 1642; x_wconf 90' lang='lat' dir='ltr'>Obliti</span> <span class='ocrx_word' id='word_1_105' title='bbox 591 1597 731 1663; x_wconf 91' lang='lat' dir='ltr'>namque</span> <span class='ocrx_word' id='word_1_106' title='bbox 752 1576 848 1643; x_wconf 89' lang='lat' dir='ltr'>ambo</span> <span class='ocrx_word' id='word_1_107' title='bbox 870 1578 991 1664; x_wconf 89' lang='lat' dir='ltr'>pariter</span> <span class='ocrx_word' id='word_1_108' title='bbox 1010 1575 1186 1641; x_wconf 89' lang='lat' dir='ltr'>verborum</span> <span class='ocrx_word' id='word_1_109' title='bbox 1207 1577 1308 1641; x_wconf 91' lang='lat' dir='ltr'>Ysaie</span> <span class='ocrx_word' id='word_1_110' title='bbox 1338 1623 1414 1643; x_wconf 91' lang='lat'><strong>....</strong></span> 
     </span>
     <span class='ocr_line' id='line_1_15' title="bbox 299 1660 1416 1748; baseline -0.004 -21"><span class='ocrx_word' id='word_1_111' title='bbox 299 1670 331 1727; x_wconf 90' lang='lat' dir='ltr'>et</span> <span class='ocrx_word' id='word_1_112' title='bbox 357 1683 454 1748; x_wconf 89' lang='lat' dir='ltr'>super</span> <span class='ocrx_word' id='word_1_113' title='bbox 483 1660 625 1726; x_wconf 92' lang='lat' dir='ltr'>dolorem</span> <span class='ocrx_word' id='word_1_114' title='bbox 646 1661 815 1726; x_wconf 90' lang='lat' dir='ltr'>vulnerum</span> <span class='ocrx_word' id='word_1_115' title='bbox 843 1662 912 1725; x_wconf 89' lang='lat' dir='ltr'>eius</span> <span class='ocrx_word' id='word_1_116' title='bbox 942 1662 1004 1724; x_wconf 93' lang='lat' dir='ltr'>hoc</span> <span class='ocrx_word' id='word_1_117' title='bbox 1030 1660 1204 1742; x_wconf 88' lang='lat' dir='ltr'>addebant,</span> <span class='ocrx_word' id='word_1_118' title='bbox 1234 1670 1271 1724; x_wconf 91' lang='lat' dir='ltr'>ut</span> <span class='ocrx_word' id='word_1_119' title='bbox 1301 1683 1347 1725; x_wconf 83' lang='lat' dir='ltr'>ex</span> <span class='ocrx_word' id='word_1_120' title='bbox 1373 1661 1416 1723; x_wconf 92' lang='lat' dir='ltr'>in·</span> 
     </span>
     <span class='ocr_line' id='line_1_16' title="bbox 299 1742 1414 1832; baseline -0.002 -22"><span class='ocrx_word' id='word_1_121' title='bbox 299 1745 469 1810; x_wconf 92' lang='lat' dir='ltr'>commodo</span> <span class='ocrx_word' id='word_1_122' title='bbox 498 1744 582 1809; x_wconf 90' lang='lat' dir='ltr'>illius</span> <span class='ocrx_word' id='word_1_123' title='bbox 611 1767 671 1809; x_wconf 89' lang='lat' dir='ltr'>sua</span> <span class='ocrx_word' id='word_1_124' title='bbox 692 1745 863 1810; x_wconf 85' lang='lat' dir='ltr'>commoda</span> <span class='ocrx_word' id='word_1_125' title='bbox 890 1756 1055 1831; x_wconf 85' lang='lat' dir='ltr'>augentes,</span> <span class='ocrx_word' id='word_1_126' title='bbox 1084 1743 1257 1832; x_wconf 89' lang='lat' dir='ltr'>spoliatum</span> <span class='ocrx_word' id='word_1_127' title='bbox 1285 1742 1414 1808; x_wconf 88' lang='lat' dir='ltr'>faculta-</span> 
     </span>
     <span class='ocr_line' id='line_1_17' title="bbox 298 1828 1414 1916; baseline -0.002 -22"><span class='ocrx_word' id='word_1_128' title='bbox 298 1828 385 1895; x_wconf 89' lang='lat' dir='ltr'>tibus</span> <span class='ocrx_word' id='word_1_129' title='bbox 420 1829 597 1912; x_wconf 88' lang='lat' dir='ltr'>redituum,</span> <span class='ocrx_word' id='word_1_130' title='bbox 642 1852 722 1916; x_wconf 91' lang='lat' dir='ltr'>quos</span> <span class='ocrx_word' id='word_1_131' title='bbox 762 1829 804 1894; x_wconf 95' lang='lat' dir='ltr'>ad</span> <span class='ocrx_word' id='word_1_132' title='bbox 846 1829 1089 1895; x_wconf 88' lang='lat' dir='ltr'>sustentandam</span> <span class='ocrx_word' id='word_1_133' title='bbox 1132 1828 1325 1915; x_wconf 83' lang='lat' dir='ltr'>egritudinis</span> <span class='ocrx_word' id='word_1_134' title='bbox 1363 1850 1414 1892; x_wconf 90' lang='lat' dir='ltr'>sue</span> 
     </span>
     <span class='ocr_line' id='line_1_18' title="bbox 298 1912 1414 1999; baseline -0.002 -21"><span class='ocrx_word' id='word_1_135' title='bbox 298 1915 472 1996; x_wconf 89' lang='lat' dir='ltr'>miseriam,</span> <span class='ocrx_word' id='word_1_136' title='bbox 484 1912 595 1979; x_wconf 90' lang='lat' dir='ltr'>relicto</span> <span class='ocrx_word' id='word_1_137' title='bbox 611 1914 774 1997; x_wconf 90' lang='lat' dir='ltr'>comitatu,</span> <span class='ocrx_word' id='word_1_138' title='bbox 790 1914 852 1979; x_wconf 92' lang='lat' dir='ltr'>sibi</span> <span class='ocrx_word' id='word_1_139' title='bbox 867 1915 1050 1996; x_wconf 86' lang='lat' dir='ltr'>retinuerat,</span> <span class='ocrx_word' id='word_1_140' title='bbox 1072 1923 1220 1999; x_wconf 85' lang='lat' dir='ltr'>egentem</span> <span class='ocrx_word' id='word_1_141' title='bbox 1242 1924 1275 1979; x_wconf 92' lang='lat' dir='ltr'>et</span> <span class='ocrx_word' id='word_1_142' title='bbox 1289 1934 1414 1999; x_wconf 86' lang='lat' dir='ltr'>gemen-</span> 
     </span>
     <span class='ocr_line' id='line_1_19' title="bbox 298 1996 1414 2085; baseline -0.003 -23"><span class='ocrx_word' id='word_1_143' title='bbox 298 2007 363 2064; x_wconf 89' lang='lat' dir='ltr'>tem</span> <span class='ocrx_word' id='word_1_144' title='bbox 398 1997 621 2085; x_wconf 88' lang='lat' dir='ltr'>relinquerent.</span> <span class='ocrx_word' id='word_1_145' title='bbox 670 1999 737 2063; x_wconf 91' lang='lat' dir='ltr'>Vos</span> <span class='ocrx_word' id='word_1_146' title='bbox 773 2008 879 2063; x_wconf 89' lang='lat' dir='ltr'>autem</span> <span class='ocrx_word' id='word_1_147' title='bbox 915 1996 1055 2064; x_wconf 88' lang='lat' dir='ltr'>mediam</span> <span class='ocrx_word' id='word_1_148' title='bbox 1091 1999 1240 2085; x_wconf 89' lang='lat' dir='ltr'>equitatis</span> <span class='ocrx_word' id='word_1_149' title='bbox 1277 1996 1414 2063; x_wconf 90' lang='lat' dir='ltr'>tenendo</span> 
     </span>
     <span class='ocr_line' id='line_1_20' title="bbox 299 2082 1414 2169; baseline -0.003 -23"><span class='ocrx_word' id='word_1_150' title='bbox 299 2084 396 2165; x_wconf 92' lang='lat' dir='ltr'>viam,</span> <span class='ocrx_word' id='word_1_151' title='bbox 417 2094 454 2148; x_wconf 93' lang='lat' dir='ltr'>ut</span> <span class='ocrx_word' id='word_1_152' title='bbox 473 2083 673 2169; x_wconf 88' lang='lat' dir='ltr'>requiescere</span> <span class='ocrx_word' id='word_1_153' title='bbox 688 2082 834 2148; x_wconf 83' lang='lat' dir='ltr'>faceretis</span> <span class='ocrx_word' id='word_1_154' title='bbox 848 2082 1024 2157; x_wconf 88' lang='lat' dir='ltr'>dominum,</span> <span class='ocrx_word' id='word_1_155' title='bbox 1069 2083 1103 2145; x_wconf 89' lang='lat' dir='ltr'>ui</span> <span class='ocrx_word' id='word_1_156' title='bbox 1124 2085 1155 2147; x_wconf 92' lang='lat' dir='ltr'>in</span> <span class='ocrx_word' id='word_1_157' title='bbox 1171 2082 1328 2147; x_wconf 87' lang='lat' dir='ltr'>membris</span> <span class='ocrx_word' id='word_1_158' title='bbox 1352 2082 1414 2147; x_wconf 87' lang='lat' dir='ltr'>suis</span> 
     </span>
     <span class='ocr_line' id='line_1_21' title="bbox 299 2162 1414 2255; baseline -0.003 -25"><span class='ocrx_word' id='word_1_159' title='bbox 299 2166 351 2233; x_wconf 87' lang='lat' dir='ltr'>vel</span> <span class='ocrx_word' id='word_1_160' title='bbox 383 2175 571 2255; x_wconf 88' lang='lat' dir='ltr'>paupertate</span> <span class='ocrx_word' id='word_1_161' title='bbox 602 2165 655 2232; x_wconf 91' lang='lat' dir='ltr'>vel</span> <span class='ocrx_word' id='word_1_162' title='bbox 686 2167 870 2233; x_wconf 86' lang='lat' dir='ltr'>infirmitate</span> <span class='ocrx_word' id='word_1_163' title='bbox 903 2162 1061 2254; x_wconf 79' lang='lat' dir='ltr'>squalenti</span> <span class='ocrx_word' id='word_1_164' title='bbox 1083 2188 1122 2230; x_wconf 91' lang='lat' dir='ltr'>us</span> <span class='ocrx_word' id='word_1_165' title='bbox 1148 2165 1332 2248; x_wconf 85' lang='lat' dir='ltr'>tribulatur,</span> <span class='ocrx_word' id='word_1_166' title='bbox 1364 2166 1414 2251; x_wconf 92' lang='lat' dir='ltr'>pia</span> 
     </span>
     <span class='ocr_line' id='line_1_22' title="bbox 300 2249 1414 2338; baseline -0.001 -24"><span class='ocrx_word' id='word_1_167' title='bbox 300 2253 523 2338; x_wconf 90' lang='lat' dir='ltr'>compassione</span> <span class='ocrx_word' id='word_1_168' title='bbox 536 2249 693 2316; x_wconf 87' lang='lat' dir='ltr'>refecistis</span> <span class='ocrx_word' id='word_1_169' title='bbox 707 2251 836 2334; x_wconf 88' lang='lat' dir='ltr'>lassum,</span> <span class='ocrx_word' id='word_1_170' title='bbox 855 2251 1022 2317; x_wconf 88' lang='lat' dir='ltr'>iudicastis</span> <span class='ocrx_word' id='word_1_171' title='bbox 1037 2252 1191 2315; x_wconf 90' lang='lat' dir='ltr'>iustitiam</span> <span class='ocrx_word' id='word_1_172' title='bbox 1207 2262 1239 2315; x_wconf 90' lang='lat' dir='ltr'>et</span> <span class='ocrx_word' id='word_1_173' title='bbox 1253 2251 1414 2336; x_wconf 86' lang='lat' dir='ltr'>eripuistis</span> 
     </span>
     <span class='ocr_line' id='line_1_23' title="bbox 298 2333 1412 2435; baseline -0.002 -36"><span class='ocrx_word' id='word_1_174' title='bbox 298 2337 429 2435; x_wconf 76' lang='lat' dir='ltr'>inopem</span> <span class='ocrx_word' id='word_1_175' title='bbox 445 2336 484 2401; x_wconf 91' lang='lat' dir='ltr'>de</span> <span class='ocrx_word' id='word_1_176' title='bbox 499 2356 609 2434; x_wconf 38' lang='lat' dir='ltr'>manu·</span> <span class='ocrx_word' id='word_1_177' title='bbox 619 2335 786 2400; x_wconf 90' lang='lat' dir='ltr'>fortiorum</span> <span class='ocrx_word' id='word_1_178' title='bbox 809 2337 888 2415; x_wconf 90' lang='lat' dir='ltr'>eius,</span> <span class='ocrx_word' id='word_1_179' title='bbox 904 2358 1041 2435; x_wconf 81' lang='lat' dir='ltr'>egenum</span> <span class='ocrx_word' id='word_1_180' title='bbox 1064 2344 1096 2400; x_wconf 90' lang='lat' dir='ltr'>et</span> <span class='ocrx_word' id='word_1_181' title='bbox 1109 2357 1329 2435; x_wconf 76' lang='lat' dir='ltr'>paupercuia</span> <span class='ocrx_word' id='word_1_182' title='bbox 1344 2333 1412 2399; x_wconf 92' lang='lat' dir='ltr'>diri-</span> 
     </span>
     <span class='ocr_line' id='line_1_24' title="bbox 297 2418 1413 2589; baseline -0.003 -22"><span class='ocrx_word' id='word_1_183' title='bbox 297 2418 469 2569; x_wconf 71' lang='lat' dir='ltr'>ttttltt</span> <span class='ocrx_word' id='word_1_184' title='bbox 494 2419 1413 2589; x_wconf 53' lang='lat' dir='ltr'>tttntpttttttetltttntitttttutittet</span> 
     </span>
     <span class='ocr_line' id='line_1_25' title="bbox 298 2587 1412 2676; baseline -0.002 -24"><span class='ocrx_word' id='word_1_185' title='bbox 298 2589 431 2652; x_wconf 91' lang='lat' dir='ltr'>rationis</span> <span class='ocrx_word' id='word_1_186' title='bbox 452 2599 484 2653; x_wconf 92' lang='lat' dir='ltr'>et</span> <span class='ocrx_word' id='word_1_187' title='bbox 504 2588 703 2652; x_wconf 86' lang='lat' dir='ltr'>auctoritatis</span> <span class='ocrx_word' id='word_1_188' title='bbox 723 2599 830 2654; x_wconf 88' lang='lat' dir='ltr'>vestre</span> <span class='ocrx_word' id='word_1_189' title='bbox 856 2588 998 2675; x_wconf 90' lang='lat' dir='ltr'>pondere</span> <span class='ocrx_word' id='word_1_190' title='bbox 1020 2589 1253 2676; x_wconf 87' lang='lat' dir='ltr'>compressistis</span> <span class='ocrx_word' id='word_1_191' title='bbox 1276 2599 1311 2654; x_wconf 92' lang='lat' dir='ltr'>et</span> <span class='ocrx_word' id='word_1_192' title='bbox 1330 2587 1412 2654; x_wconf 89' lang='lat' dir='ltr'>rede·</span> 
     </span>
     <span class='ocr_line' id='line_1_26' title="bbox 297 2672 687 2757; baseline 0.005 -23"><span class='ocrx_word' id='word_1_193' title='bbox 297 2672 391 2756; x_wconf 84' lang='lat' dir='ltr'>gistis</span> <span class='ocrx_word' id='word_1_194' title='bbox 412 2673 447 2736; x_wconf 90' lang='lat' dir='ltr'>in</span> <span class='ocrx_word' id='word_1_195' title='bbox 467 2672 687 2757; x_wconf 87' lang='lat' dir='ltr'>penitentiam.</span> 
     </span>
    </p>
   </div>
   <div class='ocr_carea' id='block_1_3' title="bbox 757 2865 957 2875">
    <p class='ocr_par' dir='ltr' id='par_1_4' title="bbox 757 2865 957 2875">
     <span class='ocr_line' id='line_1_27' title="bbox 757 2865 957 2875; baseline -0.005 0"><span class='ocrx_word' id='word_1_196' title='bbox 757 2865 957 2875; x_wconf 48' lang='lat' dir='ltr'>——m</span> 
     </span>
    </p>
   </div>
   <div class='ocr_carea' id='block_1_4' title="bbox 376 2982 1345 3127">
    <p class='ocr_par' dir='ltr' id='par_1_5' title="bbox 376 2982 1345 3127">
     <span class='ocr_line' id='line_1_28' title="bbox 837 2982 883 3034; baseline 0.043 -2"><span class='ocrx_word' id='word_1_197' title='bbox 837 2982 883 3034; x_wconf 88' lang='lat' dir='ltr'>VI.</span> 
     </span>
     <span class='ocr_line' id='line_1_29' title="bbox 376 3072 1345 3127; baseline 0.003 -3"><span class='ocrx_word' id='word_1_198' title='bbox 376 3072 443 3124; x_wconf 70' lang='lat'>0131</span> <span class='ocrx_word' id='word_1_199' title='bbox 448 3073 539 3126; x_wconf 72' lang='lat' dir='ltr'>Vna!</span> <span class='ocrx_word' id='word_1_200' title='bbox 556 3072 724 3125; x_wconf 79' lang='lat' dir='ltr'><em>RELATIO</em></span> <span class='ocrx_word' id='word_1_201' title='bbox 742 3073 799 3124; x_wconf 81' lang='lat' dir='ltr'>DE</span> <span class='ocrx_word' id='word_1_202' title='bbox 822 3073 1093 3127; x_wconf 80' lang='lat' dir='ltr'><em>EXPEDITIONE</em></span> <span class='ocrx_word' id='word_1_203' title='bbox 1109 3072 1345 3127; x_wconf 83' lang='lat' dir='ltr'><strong><em>DAMIATINA.</em></strong></span> 
     </span>
    </p>
   </div>
   <div class='ocr_carea' id='block_1_5' title="bbox 298 3183 1410 3320">
    <p class='ocr_par' dir='ltr' id='par_1_6' title="bbox 298 3183 1410 3320">
     <span class='ocr_line' id='line_1_30' title="bbox 298 3183 1410 3239; baseline -0.002 -3"><span class='ocrx_word' id='word_1_204' title='bbox 298 3184 458 3237; x_wconf 81' lang='lat' dir='ltr'><strong>RELATIO</strong></span> <span class='ocrx_word' id='word_1_205' title='bbox 484 3183 660 3236; x_wconf 81' lang='lat' dir='ltr'>MAGISTRI</span> <span class='ocrx_word' id='word_1_206' title='bbox 685 3185 837 3237; x_wconf 81' lang='lat' dir='ltr'><strong>OLIVERI</strong></span> <span class='ocrx_word' id='word_1_207' title='bbox 867 3185 1110 3239; x_wconf 83' lang='lat' dir='ltr'>COLONIENSIS</span> <span class='ocrx_word' id='word_1_208' title='bbox 1132 3186 1349 3238; x_wconf 74' lang='lat' dir='ltr'>sconasrml</span> <span class='ocrx_word' id='word_1_209' title='bbox 1366 3185 1410 3236; x_wconf 82' lang='lat' dir='ltr'>Du</span> 
     </span>
     <span class='ocr_line' id='line_1_31' title="bbox 546 3266 1168 3320; baseline 0.003 -3"><span class='ocrx_word' id='word_1_210' title='bbox 546 3266 797 3319; x_wconf 79' lang='lat' dir='ltr'>EXPEDITIONE</span> <span class='ocrx_word' id='word_1_211' title='bbox 816 3268 1168 3320; x_wconf 81' lang='lat' dir='ltr'><strong>IHEROSOLIMITANA.</strong></span> 
     </span>
    </p>
   </div>
   <div class='ocr_carea' id='block_1_6' title="bbox 226 3368 1411 4195">
    <p class='ocr_par' dir='ltr' id='par_1_7' title="bbox 383 3368 1411 3457">
     <span class='ocr_line' id='line_1_32' title="bbox 383 3368 1411 3457; baseline 0.002 -25"><span class='ocrx_word' id='word_1_212' title='bbox 383 3368 629 3434; x_wconf 80' lang='lat' dir='ltr'>venerabilibus</span> <span class='ocrx_word' id='word_1_213' title='bbox 658 3369 796 3434; x_wconf 91' lang='lat' dir='ltr'>dominis</span> <span class='ocrx_word' id='word_1_214' title='bbox 824 3369 1078 3457; x_wconf 88' lang='lat' dir='ltr'>archiepiscopo,</span> <span class='ocrx_word' id='word_1_215' title='bbox 1132 3372 1269 3437; x_wconf 89' lang='lat' dir='ltr'>rioribus</span> <span class='ocrx_word' id='word_1_216' title='bbox 1299 3384 1332 3438; x_wconf 92' lang='lat' dir='ltr'>et</span> <span class='ocrx_word' id='word_1_217' title='bbox 1361 3369 1411 3436; x_wconf 89' lang='lat' dir='ltr'>toti</span> 
     </span>
    </p>

    <p class='ocr_par' dir='ltr' id='par_1_8' title="bbox 300 3395 1410 3542">
     <span class='ocr_line' id='line_1_33' title="bbox 300 3395 1410 3542; baseline 0.002 -26"><span class='ocrx_word' id='word_1_218' title='bbox 300 3451 385 3516; x_wconf 90' lang='lat' dir='ltr'>clero</span> <span class='ocrx_word' id='word_1_219' title='bbox 408 3451 592 3518; x_wconf 74' lang='lat' dir='ltr'>Coloniensi</span> <span class='ocrx_word' id='word_1_220' title='bbox 619 3475 730 3518; x_wconf 90' lang='lat' dir='ltr'>servus</span> <span class='ocrx_word' id='word_1_221' title='bbox 758 3456 861 3518; x_wconf 91' lang='lat' dir='ltr'>erucis</span> <span class='ocrx_word' id='word_1_222' title='bbox 890 3457 1057 3540; x_wconf 86' lang='lat' dir='ltr'>empticius</span> <span class='ocrx_word' id='word_1_223' title='bbox 1081 3395 1228 3522; x_wconf 82' lang='lat' dir='ltr'>Oliverus</span> <span class='ocrx_word' id='word_1_224' title='bbox 1257 3467 1410 3542; x_wconf 87' lang='lat' dir='ltr'>peccator,</span> 
     </span>
    </p>

    <p class='ocr_par' dir='ltr' id='par_1_9' title="bbox 226 3535 1411 3620">
     <span class='ocr_line' id='line_1_34' title="bbox 226 3535 1411 3620; baseline 0 -18"><span class='ocrx_word' id='word_1_225' title='bbox 226 3566 228 3570; x_wconf 94' lang='lat'>·</span> <span class='ocrx_word' id='word_1_226' title='bbox 299 3537 426 3602; x_wconf 70' lang='lat' dir='ltr'>dictusl</span> <span class='ocrx_word' id='word_1_227' title='bbox 464 3535 662 3603; x_wconf 75' lang='lat' dir='ltr'>Coloniensis</span> <span class='ocrx_word' id='word_1_228' title='bbox 699 3537 900 3620; x_wconf 87' lang='lat' dir='ltr'>scolasticus,</span> <span class='ocrx_word' id='word_1_229' title='bbox 937 3541 1036 3605; x_wconf 88' lang='lat' dir='ltr'>vitam</span> <span class='ocrx_word' id='word_1_230' title='bbox 1071 3539 1190 3604; x_wconf 90' lang='lat' dir='ltr'>bonam</span> <span class='ocrx_word' id='word_1_231' title='bbox 1225 3549 1258 3604; x_wconf 92' lang='lat' dir='ltr'>et</span> <span class='ocrx_word' id='word_1_232' title='bbox 1293 3543 1411 3606; x_wconf 88' lang='lat' dir='ltr'>exitum</span> 
     </span>
    </p>

    <p class='ocr_par' dir='ltr' id='par_1_10' title="bbox 297 3619 1410 3690">
     <span class='ocr_line' id='line_1_35' title="bbox 297 3619 1410 3690; baseline 0.001 -5"><span class='ocrx_word' id='word_1_233' title='bbox 297 3619 435 3686; x_wconf 82' lang='lat' dir='ltr'>felicem.</span> <span class='ocrx_word' id='word_1_234' title='bbox 487 3621 646 3686; x_wconf 91' lang='lat' dir='ltr'>Letamini</span> <span class='ocrx_word' id='word_1_235' title='bbox 668 3644 742 3686; x_wconf 92' lang='lat' dir='ltr'>cum</span> <span class='ocrx_word' id='word_1_236' title='bbox 762 3621 940 3687; x_wconf 88' lang='lat' dir='ltr'>Ierusalem</span> <span class='ocrx_word' id='word_1_237' title='bbox 968 3634 1000 3690; x_wconf 90' lang='lat' dir='ltr'>et</span> <span class='ocrx_word' id='word_1_238' title='bbox 1022 3624 1161 3690; x_wconf 89' lang='lat' dir='ltr'>exultate</span> <span class='ocrx_word' id='word_1_239' title='bbox 1189 3626 1223 3688; x_wconf 92' lang='lat' dir='ltr'>in</span> <span class='ocrx_word' id='word_1_240' title='bbox 1245 3646 1283 3689; x_wconf 90' lang='lat' dir='ltr'>ea</span> <span class='ocrx_word' id='word_1_241' title='bbox 1306 3645 1410 3690; x_wconf 90' lang='lat' dir='ltr'>omnes</span> 
     </span>
    </p>

    <p class='ocr_par' dir='ltr' id='par_1_11' title="bbox 298 3704 1409 3796">
     <span class='ocr_line' id='line_1_36' title="bbox 298 3704 1409 3796; baseline 0.001 -26"><span class='ocrx_word' id='word_1_242' title='bbox 298 3707 357 3792; x_wconf 89' lang='lat' dir='ltr'>qui</span> <span class='ocrx_word' id='word_1_243' title='bbox 389 3704 522 3790; x_wconf 87' lang='lat' dir='ltr'>diligitis</span> <span class='ocrx_word' id='word_1_244' title='bbox 552 3728 633 3784; x_wconf 91' lang='lat' dir='ltr'>eam,</span> <span class='ocrx_word' id='word_1_245' title='bbox 667 3707 743 3792; x_wconf 92' lang='lat' dir='ltr'>quia</span> <span class='ocrx_word' id='word_1_246' title='bbox 773 3709 934 3792; x_wconf 89' lang='lat' dir='ltr'>possessio</span> <span class='ocrx_word' id='word_1_247' title='bbox 963 3709 1226 3794; x_wconf 87' lang='lat' dir='ltr'>patriarcharum,</span> <span class='ocrx_word' id='word_1_248' title='bbox 1263 3708 1409 3796; x_wconf 92' lang='lat' dir='ltr'>alumpna</span> 
     </span>
    </p>

    <p class='ocr_par' dir='ltr' id='par_1_12' title="bbox 300 3789 1410 3890">
     <span class='ocr_line' id='line_1_37' title="bbox 300 3789 1410 3890; baseline 0.001 -36"><span class='ocrx_word' id='word_1_249' title='bbox 300 3789 540 3876; x_wconf 84' lang='lat' dir='ltr'>probatarum,</span> <span class='ocrx_word' id='word_1_250' title='bbox 580 3791 706 3855; x_wconf 87' lang='lat' dir='ltr'>doctrix</span> <span class='ocrx_word' id='word_1_251' title='bbox 739 3791 966 3890; x_wconf 89' lang='lat' dir='ltr'>apostolorum,</span> <span class='ocrx_word' id='word_1_252' title='bbox 999 3793 1161 3878; x_wconf 91' lang='lat' dir='ltr'>quondam</span> <span class='ocrx_word' id='word_1_253' title='bbox 1194 3792 1305 3874; x_wconf 91' lang='lat' dir='ltr'>libera,</span> <span class='ocrx_word' id='word_1_254' title='bbox 1343 3804 1410 3880; x_wconf 89' lang='lat' dir='ltr'>post</span> 
     </span>
    </p>

    <p class='ocr_par' dir='ltr' id='par_1_13' title="bbox 246 3812 1407 3973">
     <span class='ocr_line' id='line_1_38' title="bbox 246 3812 1407 3973; baseline 0.006 -36"><span class='ocrx_word' id='word_1_255' title='bbox 246 3907 252 3921; x_wconf 93' lang='lat'><em>·</em></span> <span class='ocrx_word' id='word_1_256' title='bbox 300 3812 401 3939; x_wconf 71' lang='lat' dir='ltr'>maiia</span> <span class='ocrx_word' id='word_1_257' title='bbox 423 3875 569 3959; x_wconf 88' lang='lat' dir='ltr'>suspiria,</span> <span class='ocrx_word' id='word_1_258' title='bbox 591 3883 664 3973; x_wconf 92' lang='lat' dir='ltr'>post</span> <span class='ocrx_word' id='word_1_259' title='bbox 685 3885 823 3960; x_wconf 80' lang='lat' dir='ltr'>gemitus</span> <span class='ocrx_word' id='word_1_260' title='bbox 842 3884 874 3939; x_wconf 90' lang='lat' dir='ltr'>et</span> <span class='ocrx_word' id='word_1_261' title='bbox 887 3875 1035 3962; x_wconf 89' lang='lat' dir='ltr'>planctus</span> <span class='ocrx_word' id='word_1_262' title='bbox 1056 3878 1121 3941; x_wconf 90' lang='lat' dir='ltr'>iam</span> <span class='ocrx_word' id='word_1_263' title='bbox 1135 3879 1272 3964; x_wconf 89' lang='lat' dir='ltr'>respirat</span> <span class='ocrx_word' id='word_1_264' title='bbox 1292 3880 1325 3942; x_wconf 93' lang='lat' dir='ltr'>in</span> <span class='ocrx_word' id='word_1_265' title='bbox 1348 3901 1407 3965; x_wconf 87' lang='lat' dir='ltr'>spe,</span> 
     </span>
    </p>

    <p class='ocr_par' dir='ltr' id='par_1_14' title="bbox 302 3957 1407 4048">
     <span class='ocr_line' id='line_1_39' title="bbox 302 3957 1407 4048; baseline 0.003 -26"><span class='ocrx_word' id='word_1_266' title='bbox 302 3980 366 4045; x_wconf 90' lang='lat' dir='ltr'>que</span> <span class='ocrx_word' id='word_1_267' title='bbox 387 3957 492 4022; x_wconf 93' lang='lat' dir='ltr'>adhuc</span> <span class='ocrx_word' id='word_1_268' title='bbox 515 3967 644 4043; x_wconf 79' lang='lat' dir='ltr'>captiva</span> <span class='ocrx_word' id='word_1_269' title='bbox 671 3968 797 4024; x_wconf 90' lang='lat' dir='ltr'>tenetur</span> <span class='ocrx_word' id='word_1_270' title='bbox 825 3960 859 4022; x_wconf 92' lang='lat' dir='ltr'>in</span> <span class='ocrx_word' id='word_1_271' title='bbox 880 3983 924 4025; x_wconf 91' lang='lat' dir='ltr'>re.</span> <span class='ocrx_word' id='word_1_272' title='bbox 969 3961 1139 4048; x_wconf 84' lang='lat' dir='ltr'>Senaque</span> <span class='ocrx_word' id='word_1_273' title='bbox 1167 3961 1267 4027; x_wconf 89' lang='lat' dir='ltr'>oculis</span> <span class='ocrx_word' id='word_1_274' title='bbox 1296 3965 1407 4028; x_wconf 88' lang='lat' dir='ltr'>nostris</span> 
     </span>
    </p>

    <p class='ocr_par' dir='ltr' id='par_1_15' title="bbox 300 4041 1407 4195">
     <span class='ocr_line' id='line_1_40' title="bbox 301 4041 1407 4128; baseline 0.003 -21"><span class='ocrx_word' id='word_1_275' title='bbox 301 4041 442 4107; x_wconf 91' lang='lat' dir='ltr'>vidimus</span> <span class='ocrx_word' id='word_1_276' title='bbox 475 4051 507 4108; x_wconf 90' lang='lat' dir='ltr'>et</span> <span class='ocrx_word' id='word_1_277' title='bbox 539 4042 670 4107; x_wconf 88' lang='lat' dir='ltr'>auribus</span> <span class='ocrx_word' id='word_1_278' title='bbox 709 4042 893 4108; x_wconf 88' lang='lat' dir='ltr'>audivimus</span> <span class='ocrx_word' id='word_1_279' title='bbox 926 4067 964 4110; x_wconf 90' lang='lat' dir='ltr'>ac</span> <span class='ocrx_word' id='word_1_280' title='bbox 997 4047 1156 4112; x_wconf 89' lang='lat' dir='ltr'>veraciter</span> <span class='ocrx_word' id='word_1_281' title='bbox 1190 4045 1407 4128; x_wconf 89' lang='lat' dir='ltr'>intelleximus,</span> 
     </span>
     <span class='ocr_line' id='line_1_41' title="bbox 300 4125 1106 4195; baseline 0.009 -6"><span class='ocrx_word' id='word_1_282' title='bbox 300 4126 395 4191; x_wconf 93' lang='lat' dir='ltr'>vobis</span> <span class='ocrx_word' id='word_1_283' title='bbox 417 4125 459 4190; x_wconf 92' lang='lat' dir='ltr'>ad</span> <span class='ocrx_word' id='word_1_284' title='bbox 481 4126 629 4191; x_wconf 90' lang='lat' dir='ltr'>solatium</span> <span class='ocrx_word' id='word_1_285' title='bbox 651 4125 791 4191; x_wconf 91' lang='lat' dir='ltr'>scribere</span> <span class='ocrx_word' id='word_1_286' title='bbox 813 4128 918 4192; x_wconf 91' lang='lat' dir='ltr'>visum</span> <span class='ocrx_word' id='word_1_287' title='bbox 939 4129 1000 4194; x_wconf 88' lang='lat' dir='ltr'>fuit</span> <span class='ocrx_word' id='word_1_288' title='bbox 1021 4129 1106 4195; x_wconf 91' lang='lat' dir='ltr'>utile.</span> 
     </span>
    </p>
   </div>
   <div class='ocr_carea' id='block_1_7' title="bbox 299 4268 935 4324">
    <p class='ocr_par' dir='ltr' id='par_1_16' title="bbox 299 4268 935 4324">
     <span class='ocr_line' id='line_1_42' title="bbox 299 4268 935 4324; baseline 0.008 -14"><span class='ocrx_word' id='word_1_289' title='bbox 299 4268 325 4322; x_wconf 86' lang='lat' dir='ltr'>a)</span> <span class='ocrx_word' id='word_1_290' title='bbox 341 4282 375 4320; x_wconf 84' lang='lat' dir='ltr'>sp.</span> <span class='ocrx_word' id='word_1_291' title='bbox 391 4272 449 4323; x_wconf 69' lang='lat' dir='ltr'>pies</span> <span class='ocrx_word' id='word_1_292' title='bbox 464 4283 486 4313; x_wconf 87' lang='lat' dir='ltr'>v.</span> <span class='ocrx_word' id='word_1_293' title='bbox 503 4273 602 4322; x_wconf 81' lang='lat' dir='ltr'>speciosi</span> <span class='ocrx_word' id='word_1_294' title='bbox 616 4284 635 4315; x_wconf 82' lang='lat' dir='ltr'>c.</span> <span class='ocrx_word' id='word_1_295' title='bbox 695 4271 719 4324; x_wconf 82' lang='lat' dir='ltr'>b)</span> <span class='ocrx_word' id='word_1_296' title='bbox 735 4273 767 4312; x_wconf 80' lang='lat' dir='ltr'>tta</span> <span class='ocrx_word' id='word_1_297' title='bbox 781 4284 799 4315; x_wconf 82' lang='lat' dir='ltr'>c.</span> <span class='ocrx_word' id='word_1_298' title='bbox 816 4274 935 4324; x_wconf 68' lang='lat' dir='ltr'>distinavit.</span> 
     </span>
    </p>
   </div>
   <div class='ocr_carea' id='block_1_8' title="bbox 293 4364 1406 4504">
    <p class='ocr_par' dir='ltr' id='par_1_17' title="bbox 293 4364 1406 4504">
     <span class='ocr_line' id='line_1_43' title="bbox 303 4364 1406 4440; baseline 0.011 -25"><span class='ocrx_word' id='word_1_299' title='bbox 303 4364 332 4432; x_wconf 87' lang='lat'>1)</span> <span class='ocrx_word' id='word_1_300' title='bbox 353 4364 394 4433; x_wconf 73' lang='lat' dir='ltr'>Qf.</span> <span class='ocrx_word' id='word_1_301' title='bbox 415 4366 552 4419; x_wconf 76' lang='lat' dir='ltr'>Gislehertt&#39;</span> <span class='ocrx_word' id='word_1_302' title='bbox 571 4368 651 4420; x_wconf 77' lang='lat' dir='ltr'>Gesta</span> <span class='ocrx_word' id='word_1_303' title='bbox 669 4386 732 4420; x_wconf 83' lang='lat' dir='ltr'>com.</span> <span class='ocrx_word' id='word_1_304' title='bbox 752 4369 870 4430; x_wconf 62' lang='lat' dir='ltr'>Heron,</span> <span class='ocrx_word' id='word_1_305' title='bbox 890 4367 941 4421; x_wconf 79' lang='lat' dir='ltr'>SS.</span> <span class='ocrx_word' id='word_1_306' title='bbox 960 4370 1037 4435; x_wconf 81' lang='lat' dir='ltr'>XXI,</span> <span class='ocrx_word' id='word_1_307' title='bbox 1053 4389 1083 4438; x_wconf 86' lang='lat' dir='ltr'>p.</span> <span class='ocrx_word' id='word_1_308' title='bbox 1106 4373 1159 4422; x_wconf 78' lang='lat'>634</span> <span class='ocrx_word' id='word_1_309' title='bbox 1178 4390 1233 4438; x_wconf 77' lang='lat' dir='ltr'>sqq.</span> <span class='ocrx_word' id='word_1_310' title='bbox 1280 4373 1309 4440; x_wconf 79' lang='lat'>2)</span> <span class='ocrx_word' id='word_1_311' title='bbox 1331 4373 1406 4427; x_wconf 76' lang='lat' dir='ltr'>Goda-</span> 
     </span>
     <span class='ocr_line' id='line_1_44' title="bbox 293 4439 969 4504; baseline 0.012 -14"><span class='ocrx_word' id='word_1_312' title='bbox 293 4439 413 4503; x_wconf 82' lang='lat' dir='ltr'>fridam,</span> <span class='ocrx_word' id='word_1_313' title='bbox 433 4440 478 4504; x_wconf 78' lang='lat' dir='ltr'>qai</span> <span class='ocrx_word' id='word_1_314' title='bbox 498 4458 523 4490; x_wconf 87' lang='lat' dir='ltr'>a.</span> <span class='ocrx_word' id='word_1_315' title='bbox 545 4441 624 4492; x_wconf 80' lang='lat'>1183.</span> <span class='ocrx_word' id='word_1_316' title='bbox 644 4441 812 4494; x_wconf 82' lang='lat' dir='ltr'>Darocbr&#39;am</span> <span class='ocrx_word' id='word_1_317' title='bbox 830 4443 969 4498; x_wconf 67' lang='lat' dir='ltr'>destruant.</span> 
     </span>
    </p>
   </div>
   <div class='ocr_carea' id='block_1_9' title="bbox 0 0 1472 4998">
    <p class='ocr_par' dir='ltr' id='par_1_18' title="bbox 0 0 1472 4998">
     <span class='ocr_line' id='line_1_45' title="bbox 0 0 1472 4998; baseline 0 0"><span class='ocrx_word' id='word_1_318' title='bbox 0 0 1472 4998; x_wconf 95' lang='lat' dir='ltr'> </span> 
     </span>
    </p>
   </div>
  </div>
 </body>
</html>
