2942 4998
179 393 367 447 CHRONIOA
386 394 498 447 suem
518 395 760 448 OOLONIENSIS
780 396 813 448 A.
834 397 988 450 964-969.
1106 399 1140 448 99

94 569 140 620 27.
177 570 211 620 A.
231 569 266 620 D.
287 569 349 620 964.
389 570 453 621 Otto
481 572 626 636 imperator
652 571 743 622 natale
763 571 874 622 Domini
898 573 982 623 Rome
1012 578 1202 637 moratunn’ta.

10 651 62 699 ubi
78 655 108 699 et
122 649 191 698 filius
207 649 263 699 eius
279 650 343 700 Otto
364 649 497 700 secundus
521 654 671 700 coronatur.
741 637 806 702 Hic
826 639 911 702 iacta
932 649 1006 703 sunt
1026 638 1140 704 funda-

9 730 127 785 menta
155 717 308 784 basilicae
338 719 705 803 sanctiPantaleonis1,
733 723 789 786 ubi
819 731 947 787 sanctus
974 723 1140 788 Maurinus

8 809 190 870 inventus⁸
211 803 319 868 multis
342 803 457 868 claruit
470 803 644 868 miraculis,
679 805 828 870 Primusb
843 805 944 870 abhas
958 807 1063 893 ipsius
1077 807 1140 872 looi

9 887 223 952 Christianus
243 888 347 952 factus
369 896 426 954 est.

93 972 146 1036 28.
189 973 229 1034 A.
252 971 294 1036 D.
317 973 388 1041 965.
434 971 550 1037 Sancte
577 974 730 1038 memorie
752 974 863 1038 Bruno
890 974 959 1038 dux
980 984 1011 1039 et
1039 975 1140 1040 archi-

9 1057 190 1140 episcopus
212 1054 255 1120 ad
273 1055 524 1142 compescendas
545 1057 722 1122 sediciones
744 1059 777 1121 in
800 1058 1027 1124 occidentalis.c
1048 1061 1140 1145 regni

8 1139 166 1226 partibus
180 1149 308 1205 exortas
324 1150 355 1205 et
389 1161 481 1204 aeem
492 1141 748 1227 componendam
759 1143 842 1206 inter
852 1144 1032 1228 primoresl
1045 1145 1140 1210 Oom-

8 1224 174 1308 pendium
201 1224 311 1303 adiit⁰,
340 1163 398 1288 uli
424 1227 518 1310 gravi
544 1225 728 1290 infirmitate
750 1225 906 1309 detentus,
932 1227 1042 1292 Remis
1064 1229 1140 1293 civi-

8 1318 121 1371 tatem
151 1306 299 1390 defertur,
325 1307 445 1395 ibique,
474 1309 637 1394 dispositis
665 1319 697 1373 et
726 1308 878 1374 ordinatis
907 1312 1063 1398 episcopii
1090 1315 1140 1377 sui

9 1390 125 1472 rebus,
153 1392 304 1475 migravit
330 1392 371 1457 ad
393 1393 579 1457 Dominum.
624 1393 761 1474 Quando
791 1403 896 1459 autem
925 1395 977 1459 vel
1004 1396 1141 1484 qualiter

9 1475 154 1538 Francis
175 1474 403 1541 rebellantibus
430 1476 551 1542 bellurn
571 1477 738 1558 intuleritf,
763 1479 905 1542 Parisius
927 1480 1062 1544 urhemss
1085 1481 1139 1544 ob-

11 1559 126 1623 sidens
148 1560 300 1646 irruperit
321 1571 352 1626 et
373 1559 568 1647 spoliaverit,
590 1561 704 1626 ducem
721 1561 948 1647 Lotharingiae
966 1567 1088 1651 ceperit
1109 1576 1147 1631 et

10 1645 46 1706 in
82 1666 120 1708 se
151 1643 260 1729 ipsum
292 1643 444 1710 ducatum
474 1653 506 1709 et
533 1666 642 1710 omnes
669 1667 869 1712 successores
895 1668 986 1730 suos,
1013 1658 1049 1713 ut
1077 1650 1141 1716 sint

10 1727 119 1792 duces
135 1737 167 1792 et
180 1728 422 1815 archiepiscopi,
437 1740 598 1800 annuente
613 1729 710 1795 fratre
729 1730 921 1815 imperatore
928 1743 951 1813 Β,
967 1735 1140 1816 retorserit,

10 1825 150 1898 pontem
166 1834 263 1897 super
276 1813 423 1876 Renum²
438 1823 470 1878 et
483 1812 671 1879 Divitensel
694 1822 831 1878 castrum
853 1824 985 1913 propter
1004 1816 1139 1905 rebelles

11 1896 208 1982 effregeriti,
242 1906 274 1961 et
306 1896 369 1960 alia
395 1897 564 1962 mirandal
592 1899 625 1961 in
659 1898 879 1963 construendrs
909 1909 941 1964 et
973 1902 1139 1967 ornandis¹

10 1981 221 2045 monasteriis
243 1990 275 2045 et
297 1990 479 2046 sanctorum
502 1980 690 2066 corporibus
712 1982 936 2068 undecumque
951 1985 1140 2051 transferen-

12 2063 78 2146 dis,
104 2065 181 2150 quia
200 2066 257 2128 in*
278 2065 512 2151 antiquioribus
535 2067 672 2130 cronicis
694 2089 759 2130 non
779 2067 962 2131 invenimus
970 2079 992 2151 ³,
1020 2082 1140 2155 preter-

13 2148 163 2214 eundum
184 2171 253 2214 esse
275 2171 452 2213 censemus.
491 2149 617 2234 Corpus
638 2149 820 2215 venerabile
842 2150 1010 2216 Coloniam
1032 2175 1140 2239 repor-

11 2241 123 2296 tatum
144 2233 178 2294 in
202 2235 396 2297 monasterio
417 2232 504 2297 beati
526 2233 743 2318 Pantaleonis,
773 2235 860 2322 quod
888 2237 958 2335 ipse
979 2237 1141 2304 inchoavit

12 2326 76 2380 ettn
93 2315 329 2402 perficiendum
344 2317 512 2397 ordinavit,
527 2316 691 2381 humatum
708 2329 765 2384 est.
800 2319 890 2384 Sedit
904 2344 938 2383 ιιι
953 2323 1139 2408 episcopatu

11 2401 111 2464 annis
137 2400 211 2482 12³3
234 2402 287 2464 cui
309 2401 465 2464 suecessit
485 2399 682 2466 Folcmarus.

90 2491 138 2540 30.
176 2490 208 2542 Α.
228 2491 264 2540 D.
284 2491 346 2542 967.
397 2493 461 2543 Otto
489 2493 633 2558 imperator
662 2492 695 2542 de
724 2493 805 2544 Italia
833 2496 922 2546 rediit.
969 2494 1199 2561 Wilhelmusffl·

12 2563 123 2615 filins
143 2564 231 2629 eins,
251 2564 407 2628 Mogontiae
428 2565 645 2632 archiepiscopus
665 2566 740 2618 obiit.
1148 2571 1298 2615 Arm-Mlt-

89 2636 138 2687 32.
175 2638 208 2688 A.
228 2637 262 2688 D.
283 2638 347 2687 969.
385 2637 532 2698 Mathildis‚
551 2645 637 2689 mater
655 2641 833 2706 imperatoris,
852 2641 927 2691 obiit.
961 2641 1200 2708 Aratispi-Ett-

14 2715 183 2776 scopatus
207 2710 469 2776 Methurgensis
494 2711 663 2763 fundatur
692 2714 731 2763 ab
760 2715 973 2778 imperatore
999 2715 1137 2768 Ottone.

14 2783 134 2834 Iohanni
151 2800 221 2850 pape
247 2783 369 2834 succedit
388 2784 550 2836 Benedictus
570 2785 618 2836 VI.
656 2786 707 2848 Qui
732 2792 827 2852 postea
853 2803 869 2835 a
887 2788 1049 2839 Romanis
1075 2781 1262 2838 cristatum·

14 2859 184 2921 minatus,
203 2859 231 2906 in
246 2857 357 2908 castello
372 2858 465 2908 Sancti
477 2858 575 2923 Angeli
588 2861 816 2925 mancipatus,
835 2859 935 2910 ibidem
948 2861 1138 2927 strangulatur.

15 2928 69 2981 Sed
101 2946 135 2980 eo
164 2929 252 2980 adhuc
280 2931 388 2981 vivente
410 2931 572 2982 Bonefacius
601 2930 709 2997 quidam
737 2949 810 2999 papa
835 2935 1035 2996 ordinatus,
1061 2943 1138 3000 post

15 3017 96 3053 unum
112 3018 231 3054 mensem
246 3004 425 3070 expulsus,
447 3004 704 3072 Constantinopolim
719 3008 839 3072 petiit,
857 3013 883 3057 et
895 3010 1036 3058 succedit⁰
1050 3010 1137 3060 Bene-

15 3081 102 3132 dictus
115 3083 176 3133 VII.
252 3069 441 3134 Folcmarus
458 3069 656 3137 Coloniensis
671 3072 954 3159 archiepiscopust
970 3073 1062 3158 obiit3
1084 3077 1137 3140 cui

15 3151 99 3218 bone
123 3155 276 3218 memorie
299 3155 385 3220 Gero
408 3157 571 3220 suecessit.

80 3352 106 3414 *t
127 3355 257 3418 ingestis
283 3353 317 3403 de
341 3355 400 3420 ipso
424 3355 578 3421 specialiter
604 3357 784 3423 conscriptis⁴
811 3358 987 3424 continentur,
1015 3358 1060 3408 hie
1084 3374 1137 3409 nou

130 3426 252 3477 duximus
276 3427 411 3492 ponenda.
450 3428 552 3497 Corpus
579 3445 596 3479 a
619 3429 710 3480 Remis
731 3429 790 3481 001.
808 3429 864 3480 Bl
891 3427 924 3480 iis
951 3429 1043 3494 mosis,
1069 3447 1137 3496 qaae

130 3497 184 3550 01.
205 3501 221 3549 2
241 3509 423 3552 seruauerunt.

17 3679 39 3731 ιι)
63 3681 174 3722 inventus
189 3685 225 3722 est
240 3685 280 3732 qut
295 3683 375 3724 multis
390 3683 434 3724 09.
508 3681 533 3735 b)
559 3685 650 3724 Primus
669 3707 694 3716 -
717 3689 751 3725 est
771 3687 795 3725 in
815 3697 884 3736 mura.
900 3686 967 3726 rotro
990 3689 1063 3736 sermo.
1085 3689 1136 3729 Bl.

17 3738 38 3790 e)
55 3741 183 3780 occidentis
199 3741 244 3781 01.
305 3739 329 3793 d)
344 3743 455 3792 primates
471 3743 515 3783 02.
576 3744 598 3794 e)
614 3744 669 3784 decet
685 3743 728 3795 02,
744 3744 782 3784 ubi
796 3746 861 3784 venit
874 3750 923 3794 post
937 3747 1009 3796 suppl.
1060 3745 1136 3798 nint.

17 3799 39 3838 b.
56 3799 102 3841 02.
171 3799 194 3852 g)
211 3801 266 3840 deest
282 3800 325 3840 01.
384 3800 543 3854 h)Duutense
560 3802 668 3842 Buca
742 3801 761 3854 i)
778 3804 807 3843 et.
824 3815 858 3858 pr.
876 3815 894 3848 r.
910 3805 955 3846 02.
1028 3804 1137 3857 k)mira·

18 3858 70 3897 culs
85 3859 131 3898 01.
191 3858 209 3910 l)
224 3859 405 3900 construendum
420 3865 444 3900 et
460 3861 589 3901 ornandum
606 3862 653 3911 0¹3
670 3861 805 3902 ordinandis
821 3863 865 3902 02.
926 3863 958 3913 ιιι)
974 3865 1046 3904 vitet
1061 3875 1136 3906 ceorr.

19 3916 240 3966 Bnetdeeetoa.
301 3916 326 3970 n)
343 3919 370 3959 19
388 3919 432 3961 01.
493 3918 517 3970 o)
533 3920 709 3962 suecessitBl.
726 3921 771 3961 02.
832 3920 1003 3973 monitam.

93 4101 123 4168 1)
151 4102 268 4156 Monost.
292 4103 322 4157 S.
341 4104 515 4158 Pantaleom's
543 4125 561 4156 a
583 4107 711 4160 Bruaooc
737 4106 933 4174 archiepiscopo
959 4113 1137 4159 constructum

22 4182 72 4235 m,-
90 4177 124 4242 cf.
145 4175 232 4227 Vitam
252 4178 308 4228 eius
327 4197 348 4229 o.
362 4178 407 4230 48.
426 4184 450 4229 et
470 4177 628 4232 &brunicam
642 4189 760 4232 nostram
780 4197 805 4231 a.
823 4180 885 4232 965.
960 4179 990 4246 2)
1009 4180 1085 4233 Haec
1104 4197 1137 4233 ete

28 4243 86 4298 aa
104 4250 191 4300 altera
209 4249 345 4302 Brauronia
364 4269 387 4302 c.
404 4253 436 4300 11
457 4269 512 4318 sqq.
531 4262 619 4304 sumto
637 4262 707 4304 sunt.
746 4253 824 4304 Nihil
841 4259 928 4305 tomen
951 4255 984 4305 dc
1003 4253 1138 4306 Diuitensi

25 4329 105 4374 castro
123 4321 161 4372 iet
183 4323 285 4390 lepitur.
360 4323 391 4387 9)
417 4323 489 4378 Sorae
508 4327 637 4392 pleraque
655 4327 786 4392 sabulosa
812 4332 873 4378 suat
898 4327 941 4378 vel
964 4336 1031 4379 carte
1057 4327 1137 4380 valde

25 4396 157 4458 erptiam.
235 4394 265 4462 4)
291 4395 352 4448 Vua
370 4399 456 4450 altera
474 4397 601 4452 recentior
620 4397 731 4466 intelliye'
748 4397 863 4451 uidetur.
