2942 4998
276 341 329 392 XX
539 334 727 389 ennomus
746 333 862 386 stols
882 301 1136 385 cotom'nttsls.

279 509 406 587 strauit,
430 507 527 570 initia
555 506 640 569 anni
662 505 836 587 sequentis,
858 502 1013 565 Heinrici
1035 500 1282 585 archiepiscopi
1303 508 1409 564 morte

269 591 380 677 fastis
402 589 520 670 inlata,
543 588 706 654 calamum
728 587 767 652 de
793 587 887 651 osuit.

364 674 477 760 Neque
507 683 615 738 tamen
644 609 800 736 monacli
821 668 941 734 Sancti
961 665 1177 732 Pantaleonis
1199 676 1276 732 tunc
1302 667 1406 734 otro

276 761 391 823 nicam
413 761 540 844 reqiant
567 758 714 822 desinere
741 755 840 841 passi
861 761 946 819 sunt.
990 751 1057 816 Sed
1083 774 1201 816 nouam
1231 753 1409 818 continua-

280 845 399 908 tionem
434 851 656 927 susceperunt,
703 863 740 904 tn
785 837 951 903 codicibus
986 836 1021 899 D
1057 845 1230 916 servatam,
1269 859 1409 922 eantque
1454 835 1455 842 '

280 949 347 992 non
381 925 631 991 contemnendae
662 923 870 988 auctoritatis
899 929 1150 1001 monumentum,
1184 920 1223 984 de
1253 943 1316 1006 quo
1347 922 1408 1007 qui

280 1013 319 1075 in
352 1019 480 1075 nostros
508 1031 590 1074 usas
622 1008 794 1074 editionem
819 1007 959 1091 parauit
987 1004 1019 1070 V.
1044 1001 1090 1072 Cl.
1114 1002 1294 1069 Condatino
1322 1013 1409 1070 recte

281 1095 331 1158 ita
359 1094 525 1158 monuitl:
548 1092 700 1157 ‘Auctori
728 1092 820 1156 baud
847 1111 994 1174 paruum
1025 1090 1207 1175 inqenium,
1239 1089 1408 1154 iudicium

282 1187 425 1258 cautum,
440 1200 600 1242 summam
607 1176 710 1260 fidun
724 1177 840 1257 inesse,
857 1196 949 1238 nemo
964 1174 1107 1260 neqabit.
1140 1174 1250 1238 Raros
1265 1195 1407 1255 errores,

282 1262 457 1326 mendacia
493 1261 587 1326 nulla
619 1259 715 1324 lector
750 1259 907 1338 inveniet,
940 1279 1039 1342 saepe
1075 1279 1116 1320 eu
1153 1259 1241 1322 uarii
1272 1259 1409 1343 qeneris

283 1349 509 1427 monumentis,
579 1343 685 1410 istolis
707 1344 914 1432 praesertim,
944 1341 1038 1406 illum
1060 1343 1221 1422 bausisse,
1248 1364 1307 1405 sua
1333 1340 1406 1406 loco
1453 1375 1455 1400 ,⁴

284 1429 497 1494 ostendemus.
538 1368 734 1494 WIIistoriam
765 1449 839 1492 cum
872 1424 1081 1507 Germaniae,
1113 1435 1181 1489 tum
1206 1427 1407 1510 prouinciae
1452 1411 1455 1500 l

283 1514 467 1578 Rhenanus
489 1515 606 1598 optime
627 1510 774 1577 illustrat
799 1509 849 1575 uel
877 1509 973 1574 rebus
995 1509 1121 1576 Italicis
1143 1507 1298 1574 nonnibil
1318 1509 1408 1574 lucis

286 1595 390 1683 affert.
442 1596 513 1672 Quo
542 1598 651 1683 maqis
687 1594 871 1676 dolendum,
910 1594 999 1680 quod
1020 1603 1237 1696 praemature
1271 1594 1407 1680 eqreqio
1454 1595 1455 1608 ²

286 1683 379 1768 operi
402 1682 506 1765 finem
533 1682 745 1766 imposuerit.
789 1678 941 1744 Substitit
961 1700 1036 1742 uero
1057 1702 1094 1744 en
1117 1677 1269 1760 a.1249,
1300 1699 1408 1762 neque

284 1775 331 1832 est
362 1789 423 1830 cur·
452 1766 644 1846 dubitemus,
678 1767 760 1850 quin
789 1785 879 1829 unus
905 1763 1054 1849 idemque
1084 1763 1124 1827 de
1150 1763 1206 1827 lis
1231 1762 1408 1827 duodecim

285 1852 390 1915 annis
420 1849 577 1916 retulerit.
619 1851 729 1914 Rebus
762 1870 846 1934 quas
877 1857 998 1911 narrat
1028 1869 1061 1911 se
1083 1846 1196 1931 fuisse
1225 1846 1407 1932 aequalem,

287 1935 491 2020 apertissime
507 1933 646 1999 ostendit
655 1944 677 1996 ².
704 1933 736 1997 A
751 1933 997 1996 continuatione
1013 1931 1218 1996 antecedente
1233 1953 1268 1996 eo
1284 1929 1408 2016 dffert,

1452 1949 1455 1998 t

286 2020 373 2103 quod
395 2020 472 2082 ‘sive
498 2019 536 2082 in
557 2018 731 2080 nativitate
752 2017 891 2080 Domini
919 2017 986 2080 siae
1014 2017 1051 2080 in
1075 2014 1263 2100 primordio
1283 2017 1409 2081 mensis
1452 2005 1455 2098 Ι

285 2103 446 2166 Ianuarii
467 2102 544 2164 noui
568 2102 653 2164 anni
674 2101 808 2164 initium
836 2108 977 2166 statuere
1005 2099 1163 2181 uidetur',·
1191 2121 1301 2164 errore
1328 2120 1408 2164 uero

285 2184 459 2271 manifesto
482 2208 514 2248 a.
537 2184 629 2248 1238.
650 2184 766 2248 tribuit
787 2207 870 2270 quae
899 2184 945 2248 ad
972 2207 1098 2248 annum
1119 2192 1300 2270 sequentem
1320 2183 1409 2265 refe·

285 2270 392 2333 reuda
413 2277 519 2348 crant,
547 2267 723 2332 annalium
743 2268 878 2334 suardio
908 2291 982 2333 aero
1004 2267 1132 2333 nullum
1159 2291 1286 2333 annunt
1301 2289 1407 2352 prae·

281 2355 404 2440 posuit,
437 2375 473 2417 eo
496 2352 646 2438 fortasse
678 2352 852 2433 adductus,
879 2353 973 2500 quod
1005 2353 1210 2418 continuatio
1242 2351 1304 2416 illa
1335 2353 1410 2418 iarn

286 2437 439 2502 Heinrici
460 2445 591 2501 mortem
611 2436 679 2521 (26.
694 2438 796 2502 Mart.
818 2436 877 2502 123
900 2441 917 2518 )
937 2436 1103 2501 retulerat.
1146 2435 1308 2502 ‘Conradi
1329 2456 1408 2502 aero

284 2520 467 2585 electionem
499 2521 712 2602 desiderabis,
745 2521 833 2607 quod
863 2521 916 2587 illi
943 2521 1073 2586 tribuas
1103 2522 1162 2620 qui
1181 2530 1260 2604 post
1286 2518 1408 2584 multos

287 2626 394 2669 annos
423 2605 482 2669 bos
511 2605 651 2669 annales
675 2605 857 2670 Cbronicae
877 2605 1076 2691 praesulum
1104 2606 1264 2670 inseruit'.
1315 2603 1410 2672 Certe

287 2711 370 2774 opus
391 2688 520 2774 prande
542 2687 676 2775 lonqius
697 2689 854 2755 deducere
870 2692 1000 2754 auctori
1015 2711 1081 2775 pro
1108 2691 1226 2754 ositum
1237 2687 1323 2773 fuit,
1346 2689 1410 2772 qui

285 2773 480 2838 noncctnn
501 2771 620 2840 Sancti
636 2773 851 2839 Pantaleonis
873 2775 998 2859 apertis
1020 2711 1126 2838 verbis
1148 2795 1180 2837 sc
1198 2771 1409 2855 profitetur³.

287 2857 358 2920 Hoc
383 2858 489 2942 iqitur
500 2859 737 2956 monasterium
759 2859 798 2923 de
814 2859 955 2923 ttnonc
973 2858 1092 2945 patria
1115 2859 1233 2942 optime
1255 2858 1409 2922 meritum

286 2942 769 3112 θεθθ,ἔ1ννξθοῗῖἒὲωνξέἱῗοῗέἒ
784 3027 849 3107 ius,
883 3035 920 3090 ut
947 3026 1103 3107 uidimus,
1136 3025 1314 3110 descripta,
1348 3025 1409 3090 ain

285 3117 393 3172 tamen
406 3110 710 3195 archiepiscopatus
721 3047 920 3176 Coloniensis
924 3109 1013 3194 fines
1024 3131 1156 3196 eqressa
1168 3132 1234 3174 esse
1246 3111 1377 3174 videtur
1383 3117 1408 3173 ⁴.

285 3192 468 3280 Euemplar
489 3216 593 3258 unum.
615 3195 651 3258 in
672 3217 753 3258 usus
775 3193 924 3260 ccclesiae
945 3194 980 3260 S.
999 3195 1132 3258 Mariae
1152 3193 1407 3280 Aquisqranen-

286 3278 336 3342 sis·
367 3277 496 3343 saeculo
518 3279 594 3342 XII.
618 3288 781 3365 paratum
810 3280 972 3360 nouimus,
1007 3287 1037 3342 et
1061 3279 1130 3342 iam
1155 3279 1193 3342 in
1217 3276 1409 3342 Annalibus

285 3361 492 3447 Aquensibus
527 3362 709 3428 Obronicae
740 3365 852 3450 sepiae
885 3371 1038 3447 eacerpta
1068 3363 1206 3448 aqnosci
1233 3370 1408 3448 possunt⁵.

286 3443 419 3509 Rimas
473 3448 557 3510 artis
578 3447 778 3512 920-1162.
807 3449 845 3511 in
874 3447 1027 3532 linquam
1053 3445 1267 3511 vernaculam
1295 3454 1406 3510 trans·-

286 3527 366 3593 latio
382 3549 403 3590 a
418 3468 555 3594 thkint
569 3530 833 3615 quadamfratre
848 3539 885 3594 ut
895 3531 1026 3596 uidetur·
1038 3531 1167 3596 ordinis
1178 3529 1214 3599 S.
1223 3530 1407 3595 lobannis·

286 3611 435 3697 confecta
462 3621 493 3675 et
516 3614 733 3698 praefatione
759 3614 943 3696 rbptbmi'ca
976 3623 1097 3679 ornata
1130 3622 1236 3678 eastat
1269 3615 1307 3678 in
1335 3614 1406 3679 cod.

288 3770 317 3838 1)
338 3769 379 3840 Of.
399 3773 477 3825 etiam
495 3773 706 3826 dissertationem
726 3776 783 3828 eius
801 3774 831 3826 in
850 3773 957 3828 ‘Archia
970 3777 999 3841 f.
1017 3777 1045 3828 d.
1061 3773 1211 3828 Gescbicbte
1231 3777 1277 3829 des
1292 3775 1407 3828 Niedcr·

286 3844 376 3897 rheins
396 3846 433 3898 N.
452 3845 495 3898 F!
515 3847 557 3911 II,
578 3865 609 3914 p.
630 3849 682 3898 197
701 3866 756 3915 sqq.
850 3848 880 3916 2)
900 3867 926 3902 a.
948 3850 1034 3902 1243:
1065 3849 1188 3902 Castrum
1212 3851 1408 3916 amplissimum

285 3920 379 3970 videre
410 3923 508 3973 nostris
540 3923 703 3988 temporibus
733 3923 867 3974 deiectum
895 3929 966 3974 terre
995 3925 1096 3990 equari.
1150 3921 1226 3986 Quae
1258 3921 1405 3975 annalibus

287 3992 383 4044 addita
401 4001 464 4044 sunt
483 3994 516 4046 de
530 3991 653 4046 Conrado
672 3996 879 4062 archiepiscopo,
900 3995 1021 4062 quamuis
1040 3995 1102 4061 illis,
1121 4005 1151 4047 ut
1172 3996 1284 4060 aidetscr,
1305 3995 1406 4060 aliena,

286 4063 366 4116 annis
397 4067 477 4117 1250.
508 4069 551 4119 oet
575 4068 656 4119 1251.
683 4068 783 4135 scripta
805 4086 873 4134 csse,
902 4077 970 4121 recte
997 4068 1025 4120 V.
1047 4067 1085 4120 at.
1110 4068 1253 4121 Uardanus
1281 4070 1406 4122 statuisse

284 4138 400 4190 videtin.
445 4139 522 4192 Idem
546 4139 823 4208 schiffte-Bonnense,
850 4141 922 4197 Hist.
948 4141 978 4192 Z.
1005 4143 1108 4207 XXIX,
1136 4161 1167 4209 p.
1194 4144 1257 4205 451,
1290 4159 1323 4194 ecc
1350 4143 1407 4194 laco

285 4229 311 4264 a.
327 4212 408 4263 1249.
416 4214 533 4278 probare
543 4223 653 4266 conatm
666 4222 713 4268 est.
752 4215 781 4284 3)
795 4234 822 4268 a.
834 4217 921 4266 1242:
933 4216 1017 4268 abbas
1031 4218 1186 4269 monasterii
1199 4217 1282 4268 nostri
1296 4217 1323 4268 S.
1334 4217 1406 4268 Pan·

284 4283 429 4337 thslsonis.
468 4285 497 4352 4)
513 4286 670 4340 Chronicam
682 4289 783 4357 reqiam
802 4307 857 4342 non
873 4291 902 4341 in
916 4288 1036 4342 chronico
1054 4291 1201 4342 universali
1213 4287 1347 4342 Samonion
1361 4305 1407 4341 cu·-

285 4356 412 4424 scriptam
419 4374 481 4427 esse,
490 4359 610 4412 Weiland
617 4361 714 4426 docuit,
723 4362 927 4432 ‘Forscbtmqen’
934 4362 1020 4427 XIII,
1025 4381 1057 4429 p.
1066 4365 1115 4412 161
1126 4381 1179 4430 sqq.
1187 4381 1196 4425 ;
1206 4365 1240 4430 cs.
1249 4362 1295 4414 ‘D.
1302 4361 1408 4418 tiaran?

284 4430 327 4496 11,
341 4450 374 4499 p.
394 4433 428 4482 32
448 4449 475 4485 n.
495 4435 520 4485 2.
581 4435 611 4502 t)
631 4435 661 4489 V.
680 4452 766 4502 supra
777 4451 845 4503 px.
909 4435 938 4504 6)
958 4455 982 4488 u.
1002 4438 1046 4488 85.
1066 4446 1089 4489 et
1107 4438 1152 4490 98.
1173 4438 1220 4490 boc
1239 4435 1368 4490 indicant.
