2934 4998
88 417 279 472 CHRONICA
296 417 410 470 REGIA
429 417 683 471 communale.
703 417 850 472 count.
868 420 1087 475 attestato.
1125 422 1183 474 277

57 610 169 654 comes
190 585 341 650 Barensis
364 592 478 669 captus
500 593 532 649 et
578 595 667 649 ostea
688 594 847 667 mortuus,
871 607 979 652 comes
1001 585 1041 652 de
1056 587 1179 654 Monte·

54 673 134 738 forti
157 667 302 736 etmulti
323 667 378 732 alii
398 667 521 732 nobiles
544 606 649 734 (laute
671 679 747 734 sunt
768 670 932 755 captivati.

425 761 520 824 Anno
543 760 676 824 Domini
701 762 812 826 124οᾺ

143 847 324 931 Imperator
344 843 497 929 Apuliam
518 844 709 930 regreditur,
737 867 871 932 regnum
896 845 997 912 illudl
1026 847 1073 914 ibi
1095 849 1178 914 ordi·

53 943 157 996 nare⁰
178 929 328 1015 disponit,
361 926 494 993 collecta
522 931 661 1014 pecunia
687 931 826 994 erarium
848 953 942 995 suum
971 931 1060 1015 ditat,
1093 943 1179 1019 post-

52 1014 214 1079 moduml
242 1012 390 1076 militiam
415 1010 557 1076 validam
585 1011 755 1077 coadunat.
802 1014 841 1078 In
869 1024 969 1080 estate
998 1017 1031 1080 in
1052 1018 1179 1103 Longo-

53 1098 208 1164 bardiam
230 1119 289 1182 pro
315 1104 392 1176 erat,
407 1096 606 1178 Ravennam,
629 1118 690 1181 que
713 1119 780 1161 ase
796 1097 986 1181 desciverat,
1007 1103 1178 1167 victoriose

52 1192 260 1268 recuperat¹,
281 1120 469 1244 lavensium
503 1181 619 1244 etiam⁴³
647 1180 772 1245 obsidet
801 1192 833 1246 et
854 1183 941 1248 circa
967 1186 1073 1270 ipsam
1094 1207 1180 1250 nova

52 1269 170 1330 menia
192 1265 347 1330 construit
367 1265 468 1328 instar
487 1265 628 1327 maxime
652 1265 799 1346 civitatis,
821 1267 868 1330 ita
888 1269 1074 1352 angustians
1090 1271 1179 1334 cives

52 1349 210 1432 inclusos,
233 1358 269 1411 ut
290 1369 384 1412 nemo
406 1346 532 1432 ingredi
546 1347 597 1412 vel
619 1347 730 1432 egredi
744 1348 874 1414 valeret.
918 1350 1018 1416 Cuius
1041 1354 1179 1419 civitatis

54 1435 241 1520 captionem
264 1429 420 1496 cuniculis
435 1428 487 1494 vel
510 1431 753 1497 suffossionibus
775 1433 1000 1518 subterraneis,
1022 1437 1179 1502 machinis

54 1529 91 1583 et
112 1517 332 1582 instrumentis
354 1513 500 1601 plurimis
523 1525 702 1600 attemptat,
725 1514 781 1581 sed
801 1516 863 1580 illis
877 1518 1011 1584 viriiiter
1030 1522 1179 1586 resisten-

53 1601 157 1684 tibus,
190 1623 248 1686 per
279 1599 413 1697 longum
441 1607 568 1684 tempus
600 1621 716 1684 parum
747 1599 891 1686 proficit,
929 1603 1177 1689 comprehensos

52 1697 167 1752 tamen
188 1686 274 1750 cives
297 1685 423 1748 circiter
444 1686 649 1769 septuaginta
676 1684 814 1748 insacia
840 1686 977 1751 civitatis
1000 1687 1176 1773 suspendit.

52 1770 185 1834 Eodem
207 1779 272 1834 tem
298 1789 352 1832 ore
373 1769 549 1854 imperator
570 1777 634 1832 tres
650 1788 750 1832 naves
761 1768 959 1833 Venetorum
981 1773 1096 1856 eapitf,
1118 1771 1176 1838 ubi

53 1853 192 1941 predam
227 1790 387 1917 valdntem
432 1852 655 1937 septuaginta&
690 1851 778 1915 milia
821 1875 999 1918 marcarum
1042 1856 1174 1925 invenit.

54 1940 221 2020 Quocirca
237 1937 352 2002 Veneti
374 1935 557 2000 exacerbati
577 1936 716 2000 navibus
736 1937 896 2002 maritima
909 1938 1027 2022 Apulis
1047 1950 1178 2005 vastant

53 2033 88 2088 et
110 2023 173 2088 tria
199 2020 321 2107 oppida
347 2020 548 2105 imperatoris
574 2019 758 2084 incendunt.
803 2020 897 2086 Unda
928 2023 1102 2107 imperator
1127 2025 1177 2089 ira

53 2105 239 2171 stimulatus
261 2103 382 2167 filium²
406 2103 496 2168 ducis
511 2104 718 2185 Venetorum,
741 2105 796 2190 qui
816 2115 959 2191 potestas
981 2107 1041 2171 fuit
1054 2106 1176 2172 Medio-

51 2190 246 2272 lanensium,
269 2187 365 2252 olirnh
380 2190 414 2252 in
427 2187 511 2254 bello
527 2187 759 2252 Mediolanensi
774 2199 914 2274 captum,
930 2190 1017 2275 apud
1032 2191 1175 2257 Tranum

52 2276 220 2340 civitatem
242 2271 360 2371 Apulie
381 2273 415 2335 in
436 2271 501 2336 alta
521 2273 615 2336 turrii
637 2272 812 2357 suspendit,
839 2275 990 2338 vestitum
1012 2276 1109 2357 corio,
1140 2285 1177 2341 ut

52 2359 196 2422 cadaver
222 2359 345 2442 ipslus⁰
376 2377 413 2420 eo
441 2356 563 2421 tardius
595 2367 761 2442 putrescat
793 2367 824 2422 et
857 2357 1074 2443 spectaculum
1104 2381 1175 2446 pre·

49 2440 252 2508 tereuntibus
274 2441 339 2508 fiat.

140 2526 217 2612 Ipso
240 2545 323 2589 anno
347 2521 547 2588 Coloniensis
570 2522 844 2611 archiepiscopus,
876 2524 1008 2590 collecto
1030 2529 1175 2594 exercitu

53 2620 88 2676 et
123 2610 241 2674 civium
279 2607 518 2673 Coloniensium
554 2607 757 2673 multitudine
793 2610 989 2691 coadunata,
1034 2621 1174 2676 castrum

53 2693 231 2779 Tulpetum
254 2692 390 2756 obsidet.
432 2692 635 2756 Adversariis
658 2703 765 2758 autem
788 2695 863 2777 suis,
894 2693 1036 2760 scilicetl
1058 2698 1175 2762 comite

53 2775 229 2842 iuliacensi
244 2786 276 2841 et
288 2775 479 2862 quibusdam
494 2775 657 2841 nobilibus
672 2787 765 2859 terre,
782 2788 893 2842 contra
907 2779 1013 2864 ipsum
1028 2777 1174 2846 militiam

53 2861 197 2927 validam
219 2860 464 2942 adducentibus,
495 2861 678 2924 interventu
707 2861 908 2960 quorundam
936 2871 1047 2948 treuge
1078 2865 1174 2928 inter·

52 2946 199 3027 veniunt,
220 2967 287 3031 pax
307 2945 411 3009 iurata
425 2943 597 3030 sigillatur;
621 2945 678 3009 sed
693 2945 843 3009 drutuma
857 2967 922 3009 non
944 2947 1066 3030 existit;
1088 2947 1174 3012 unde

54 3029 259 3095 Coloniensis
291 3029 398 3094 archis
423 3031 553 3114 iscopus
587 3028 714 3093 obsidet
746 3039 884 3093 castrum
914 3029 1043 3093 Bruch³
1077 3053 1175 3117 super

51 3113 177 3178 Ruram
199 3112 343 3178 fluvium.
388 3051 460 3192 (luo
482 3122 627 3198 tempore
650 3112 828 3194 Conradus,
856 3112 940 3177 filius
961 3115 1005 3176 im
1030 3116 1173 3197 cratoris,

52 3218 74 3260 a
94 3199 208 3283 paucis
229 3197 429 3283 principibus
450 3199 484 3260 in
506 3219 615 3282 regem
629 3197 849 3261 Romanorum
870 3135 1173 3278 electuapLeodium

51 3283 154 3363 venit,
184 3290 216 3346 et
236 3281 310 3345 inde
336 3283 370 3343 in
398 3282 495 3346 ramis
526 3279 705 3366 palmarum
733 3279 900 3345 Coloniam
926 3283 1067 3364 veniens,
1089 3283 1172 3347 inter
1182 3299 1237 3350 Ara
1246 3301 1269 3342 ⁸·

53 3366 211 3431 domnum
222 3364 445 3430 Coloniensem
461 3375 493 3430 et
505 3363 630 3429 nobiles
645 3373 728 3429 terre
743 3366 811 3429 eius
826 3364 1027 3429 adversarios
1042 3375 1172 3452 treugas

52 3448 131 3515 belli
163 3451 273 3514 statuit
304 3471 405 3535 usque
432 3448 677 3534 penthecosten,
708 3457 785 3512 tunc
818 3448 907 3534 apud
933 3449 1234 3515 mankenfurtkal.
1253 3467 1275 3508 a

52 3535 209 3598 iustitiam
237 3533 382 3619 partibus
408 3533 559 3614 lactmus,
592 3535 620 3596 si
642 3554 698 3596 eos
726 3554 791 3596 non
824 3532 1041 3599 concordaret.
1090 3533 1172 3598 Illuc

53 3617 298 3703 archiepiscopo
330 3638 395 3680 non
428 3617 575 3682 veniente
608 3616 665 3682 sed
695 3615 895 3702 responsales
924 3619 1080 3700 mittente,
1113 3641 1173 3682 rex

53 3700 256 3787 responsales
270 3723 335 3765 non
349 3708 501 3786 reputans
523 3699 666 3781 idoneos,
690 3702 857 3766 occasione
871 3700 943 3766 talis
959 3711 1172 3788 contemptus,

53 3783 130 3850 licet
156 3784 318 3850 videretur
350 3784 560 3868 excusabilis,
595 3785 702 3848 minus
762 3783 949 3850 robahiliter
980 3786 1171 3851 adversariis

54 3868 213 3934 auxilium
244 3867 418 3955 impendit3
455 3877 650 3955 quapropter
685 3869 725 3934 be
750 3891 804 3932 um
839 3868 1044 3935 recrudescit.
1091 3869 1171 3934 Dux

54 4059 78 4111 a)
96 4059 162 4100 1140.
178 4060 227 4100 Da.
287 4057 312 4110 b)
329 4059 362 4098 ibt
377 4059 436 4099 illud
450 4059 501 4098 oa.
569 4058 590 4111 c)
608 4060 725 4101 ordinarie
739 4060 854 4111 disposuit
868 4061 919 4101 Du.
985 4057 1009 4111 d)
1025 4062 1106 4110 postea
1121 4059 1171 4101 Di.

53 4117 215 4170 e)dmtD1.
260 4115 420 4169 nrapltDt.
460 4117 483 4167 g)
499 4117 543 4158 '10⁰
558 4129 689 4160 maroarum
705 4119 753 4162 Da.
797 4117 960 4171 lanceam.
1006 4116 1170 4171 l)turreD1.

53 4176 79 4231 k)
94 4176 268 4218 Franckanlnrt
283 4177 338 4228 DI,
353 4175 492 4218 Francotort
507 4175 553 4217 Bt.

55 4335 85 4403 1)
104 4335 174 4404 Any.
194 4336 238 4388 22.
271 4336 304 4389 Α.
391 4333 421 4403 2)
440 4334 535 4386 Petras
559 4334 665 4402 diepolo
691 4336 767 4402 apud
792 4334 896 4389 thartam
921 4351 1017 4388 nouam
1044 4353 1069 4388 a.
1091 4336 1173 4391 1237.

54 4418 158 4477 captus.
193 4407 221 4462 0.
295 4406 324 4478 3)
343 4409 444 4462 Brotelt
462 4409 499 4460 ad
517 4407 595 4460 Buba·
605 4407 732 4477 flavitae.
