2934 4998
312 386 365 436 256
415 384 603 437 ennomus
622 384 734 436 REGIA
755 384 1007 438 cononmnsls.
1028 383 1131 436 CONT.
1145 385 1193 435 IV.
1212 384 1243 435 A.
1259 382 1341 433 1225.

311 550 453 636 gerebat,
466 573 573 616 comes
584 572 648 615 non
660 551 765 615 ferens
774 552 899 616 frenum
910 573 966 616 sue
975 551 1165 635 tyrannidis,
1178 559 1318 614 mortem
1328 547 1418 612 archi-

313 636 458 722 episcopi
468 635 678 718 machinatur,
690 635 800 700 adhoc
809 637 920 718 eciam,
931 635 1098 718 utdicitur,
1110 659 1130 700 a
1137 634 1244 700 multis
1255 632 1418 716 nobilibus,

312 742 449 870 §uorum
471 719 656 805 superbiam
681 719 872 784 fortissimus
895 718 1005 806 presul
1026 720 1228 801 contriverat,
1258 719 1419 783 animatu.

347 805 463 892 enique
491 803 657 868 dominum
684 803 789 870 archis
813 805 957 890 iscopum
985 804 1170 870 redeuntem
1198 825 1314 868 versus
1338 802 1420 868 Golo-

312 889 398 953 niam
420 908 440 950 a
462 887 622 970 Sosacia1,
646 888 766 974 oppido
823 888 973 970 estfaliefl,
996 890 1166 954 comitatur
1180 886 1327 952 infelicib
1342 909 1420 972 gras-

312 974 449 1054 satione,
470 972 591 1037 habens
614 994 724 1037 secum
753 975 794 1037 25
814 975 969 1038 scutarios
991 974 1033 1039 ad
1054 982 1177 1038 tantum
1199 971 1307 1036 scelus
1335 993 1420 1057 expe

312 1058 405 1137 ditos,
435 1056 479 1120 nil
505 1055 568 1122 tale
590 1056 815 1143 suspicantem,
866 1058 920 1121 uia
945 1057 1129 1122 huiusmodi
1157 1057 1376 1142 suspicionem
1396 1065 1422 1119 et

311 1142 454 1226 ingenita
474 1141 611 1206 audacia
632 1150 664 1205 et
683 1140 827 1207 naturale
844 1079 938 1205 ledus
953 1142 1241 1227 consanguinitatis
1263 1141 1307 1204 ab
1330 1138 1421 1204 archi·

313 1226 488 1311 episcopoc
513 1225 707 1306 removebat,
738 1224 814 1290 licet
840 1235 913 1290 ante
942 1247 1062 1310 paucos
1088 1226 1156 1291 dies
1185 1249 1244 1312 per
1270 1224 1422 1312 quasdam

313 1308 432 1373 litteras
464 1308 527 1373 sibi
557 1311 758 1373 transmissas
780 1309 875 1374 fuerit
896 1313 1105 1395 premunitus.
1158 1311 1272 1396 Itaque
1302 1318 1421 1394 arrepto

312 1393 382 1458 loco
405 1403 436 1457 et
456 1402 600 1480 tempore
623 1402 789 1479 oportune,
821 1415 887 1458 non
915 1392 1010 1480 longe
1039 1417 1059 1459 a
1086 1393 1163 1458 villa
1192 1417 1256 1481 que
1280 1393 1421 1459 Suelme¹

312 1478 495 1543 nominatur
516 1476 675 1563 presulem
695 1477 804 1542 idemd
826 1500 932 1543 comcs
954 1501 1028 1544 cum
1051 1478 1245 1565 quibusdam
1267 1479 1336 1542 suis
1359 1497 1422 1540 con·

314 1562 451 1644 siliariis,
473 1562 610 1626 cruentis
633 1561 846 1645 carnificibus,
869 1561 967 1628 latere
990 1565 1057 1628 eius
1079 1565 1233 1662 perfosso,
1256 1561 1421 1628 sceleratos

313 1647 444 1711 sicarios
465 1647 499 1710 in
521 1656 656 1711 mortem
678 1647 778 1732 ipsius
805 1646 1005 1731 exhortatur3
1040 1670 1096 1733 qu1
1120 1649 1153 1711 in
1175 1669 1249 1711 eum
1271 1648 1422 1711 irruentes

334 1730 428 1794 ladiis
455 1740 487 1795 et
514 1731 711 1858 pugionibus
720 1742 743 1813 θ,
775 1731 816 1796 38
844 1730 949 1817 plagis
977 1733 1085 1817 ipsum
1113 1732 1313 1796 confodiunt.
1356 1728 1419 1793 Hoc

312 1754 406 1898 lacto,
438 1816 553 1901 recipit
605 1838 640 1880 se
667 1837 775 1879 comes
806 1837 879 1879 curn
911 1816 977 1880 suia
1004 1816 1039 1880 in
1071 1827 1209 1881 castrum
1241 1815 1377 1881 Isenber
1401 1825 1419 1875 1.

307 1901 401 1970 lacet
421 1899 528 1964 nobile
550 1921 666 1998 corpus
688 1899 849 1964 desertum
870 1899 912 1964 ab
935 1899 1100 1983 omnibus3
1122 1923 1196 1964 nam
1218 1909 1288 1965 tota
1310 1838 1421 1964 famlu

314 1985 483 2049 conterrita
511 1993 576 2048 tam
602 1984 767 2069 inopinato
797 1983 916 2049 scelere
948 1984 1125 2070 aufirgerat,
1158 1995 1295 2071 excepto
1329 2003 1420 2070 parvo

314 2066 449 2150 servulo,
481 2069 536 2156 qui
560 2067 647 2131 solus
670 2068 809 2132 cadaver
837 2067 960 2132 domini
981 2069 1163 2134 custodivit.
1207 2069 1312 2134 Nocte
1335 2067 1420 2132 adve-

312 2153 420 2217 niente
442 2152 506 2216 duo
533 2151 682 2237 indigene
711 2153 745 2215 in
770 2150 848 2237 biga
874 2174 991 2239 corpus
1018 2153 1166 2218 deferunt
1186 2152 1373 2238 reponendo
1391 2152 1419 2213 in

314 2235 451 2303 ecclesia
473 2235 610 2314 Suelme,
639 2258 736 2321 quam
757 2238 828 2323 ipse
850 2259 884 2300 se
907 2237 1015 2302 uentih
1044 2237 1206 2301 dominica
1227 2248 1298 2301 erat
1320 2257 1419 2302 conse-

314 2329 477 2405 craturus3
501 2342 598 2407 quam
621 2321 662 2386 ob
684 2344 752 2385 rem
775 2329 806 2386 et
827 2343 865 2385 ea
886 2258 938 2385 lie
961 2343 1025 2406 qua
1047 2321 1170 2386 occisus
1192 2332 1241 2386 est
1257 2320 1418 2386 confessio-

313 2428 387 2470 nem
410 2405 449 2470 de
472 2405 613 2491 peccatis
636 2405 701 2470 suis
722 2405 852 2470 fecerat.
894 2406 1028 2470 Postera
1049 2405 1100 2470 die
1123 2407 1251 2471 ducitur
1271 2407 1316 2471 ad
1338 2424 1418 2469 ceno

314 2490 403 2556 bium
424 2490 618 2574 Bergense³,
649 2490 706 2555 ubi
732 2511 752 2552 a
779 2488 930 2554 fratribus
958 2488 1021 2554 loci
1050 2513 1106 2555 cor
1131 2514 1167 2555 us
1200 2511 1272 2554 cum
1307 2487 1417 2574 ingenti

314 2573 391 2639 fletu
422 2596 493 2639 rece
518 2582 596 2655 tum,
632 2574 827 2640 aromatibus
855 2574 1018 2638 conditum
1051 2583 1083 2639 et
1106 2513 1266 2640 luctuosis
1299 2572 1417 2659 vigiliis,

314 2658 425 2722 addita
444 2596 639 2744 psalmorum
661 2657 807 2740 melodia,
829 2668 877 2723 est
898 2658 1108 2742 custoditum3
1137 2660 1193 2724 ubi
1215 2658 1348 2745 quidam
1368 2657 1419 2720 fra

314 2751 400 2806 trum
421 2751 588 2826 testantur,
610 2765 644 2806 se
671 2765 711 2806 an
736 2742 832 2806 elicas
860 2765 957 2808 voces
979 2743 1117 2809 audisse.
1162 2744 1305 2826 Quidam
1327 2743 1417 2810 eciam

314 2825 411 2891 frater
431 2827 567 2892 eundem
589 2827 702 2892 eadem
713 2766 802 2891 liora
823 2828 885 2893 sibi
906 2829 939 2891 in
962 2850 1031 2892 som
1055 2829 1105 2893 nis
1124 2837 1334 2914 apparentem
1348 2825 1419 2891 vidit

316 2920 348 2974 et
375 2911 542 2993 dicentem,
573 2934 606 2976 se
634 2933 693 2998 pro
721 2912 846 2976 iusticia
872 2913 969 2976 trium
993 2913 1015 2977 h
1047 2936 1099 2977 em
1127 2914 1261 2979 martirii
1287 2913 1417 2978 lauream

316 2996 479 3060 meruisse.
522 2997 678 3062 Intestina
698 2997 767 3061 eius
789 2995 910 3060 ibidem
932 2935 1111 3062 subterrata
1134 3007 1216 3062 sunt.
1258 2997 1299 3062 In
1321 2993 1418 3080 vigilia

206 3107 261 3149 nov.
272 3107 307 3148 ro.
317 3079 447 3144 Martini
466 3083 647 3227 preciosum
670 3102 787 3166 eorpus
811 3080 977 3146 Coloniam
999 3081 1186 3164 adducitur;
1208 3081 1263 3146 ubi
1286 3104 1360 3146 cum
1380 3080 1417 3142 in-

318 3165 488 3230 enarrabii
509 3165 586 3230 fletu
607 3174 639 3228 et
660 3161 782 3228 eiulatu
803 3164 922 3229 aclero
944 3176 976 3230 et
997 3166 1117 3264 populo
1140 3176 1188 3232 est
1209 3176 1373 3251 receptum
1393 3169 1417 3225 et

316 3248 351 3311 in
372 3248 506 3314 ecclesia
527 3249 612 3315 beati
634 3249 720 3312 Petri
742 3248 936 3333 depositum;
959 3250 1014 3315 ubi
1037 3250 1142 3315 eidem
1163 3249 1303 3335 gloriosa
1318 3247 1418 3316 tumba

317 3341 365 3397 est
379 3345 494 3414 erecta,
516 3333 789 3399 crebrescentibus
809 3332 851 3397 ad
870 3334 1014 3399 tumbam
1038 3336 1105 3400 eius
1121 3335 1251 3400 cotidiei
1267 3329 1418 3400 miraculis

316 3426 349 3481 et
370 3417 551 3498 virtutibus,
579 3415 739 3480 nonnullis
761 3417 845 3503 egris
866 3418 911 3483 ibi
934 3427 1075 3504 optatam
1097 3420 1326 3505 recipientibus
1348 3413 1418 3483 sani·

316 3512 424 3567 tatem.
475 3501 665 3566 Constanter
697 3502 781 3565 enim
820 3511 966 3589 speratur
995 3503 1103 3589 ipsum
1141 3505 1274 3568 martirii
1307 3500 1418 3590 premia

317 3587 480 3666 meruisse,
517 3585 592 3672 quia
625 3586 817 3671 equissimus
851 3586 951 3651 iudex
987 3598 1018 3653 et
1052 3597 1221 3653 strennuus
1256 3592 1360 3674 patrie
1393 3591 1418 3646 et

316 3669 521 3735 ecclesiarum
544 3668 606 3734 Dei
635 3668 784 3734 defensor
805 3669 867 3736 fuit
891 3680 922 3736 et
968 3693 1003 3735 ro
1025 3695 1136 3736 earum
1157 3671 1310 3741 occubuit
1325 3670 1416 3737 defen-

317 3755 415 3819 sione.
459 3754 547 3819 Inter
578 3763 683 3818 cetera
718 3753 819 3818 eciam
847 3756 915 3821 eius
943 3693 1119 3821 lleudabilia
1140 3767 1232 3842 gesta
1259 3766 1292 3822 et
1316 3771 1417 3844 pacem

318 3951 341 4004 ι)
356 3953 477 3994 Wsstallis
494 3952 537 3995 01.
601 3953 625 4006 b)
641 3955 657 3994 i.
673 3965 695 4002 g,
711 3955 756 3994 clia
770 3965 838 3995 mana
852 3957 877 3996 s'n
892 3957 937 3996 loco
952 3969 1005 3997 raso
1021 3959 1069 4000 Bl.
1137 3956 1158 4010 c)
1175 3959 1286 4008 episcopo
1301 3960 1347 3998 alm
1360 3962 1415 3996 nont

318 4023 374 4054 corr.
391 4013 565 4063 archiepiscopo
581 4013 631 4065 Bl,
654 4018 673 4052 et
688 4015 720 4052 tta
736 4014 781 4054 na.
791 4015 855 4056 011
872 4014 918 4065 (abt
933 4027 973 4056 arc
987 4018 1011 4056 ia
1026 4018 1072 4057 loco
1087 4018 1158 4070 raso).
1218 4015 1242 4069 d)
1259 4018 1321 4058 idem
1338 4036 1362 4047 ·-
1377 4022 1415 4053 ⁰⁸¹·

318 4071 425 4112 niflclbus
446 4072 492 4111 clia
513 4083 580 4111 mona
600 4073 624 4111 tn
645 4073 691 4112 loco
706 4084 757 4113 raso
773 4073 823 4115 Β1.
898 4073 920 4126 e)
936 4077 1118 4125 pugnationibus
1134 4077 1175 4117 01.
1252 4073 1415 4127 preceptor.

303 4130 342 4192 ¹g)
358 4131 738 4182 Yeenberch01;1nsebsr302.
798 4131 823 4184 h)
839 4134 863 4173 in
879 4136 985 4184 sequenti
1000 4136 1071 4178 (11.1.
1131 4133 1148 4188 1)
1165 4137 1220 4176 deest
1237 4137 1278 4178 01.

323 4296 350 4366 1)
370 4297 452 4352 Soert.
527 4299 556 4367 2)
576 4298 710 4354 Schwelm.
784 4298 815 4368 3)
834 4300 984 4370 Altcnbcrp.
