2970 4996
224 379 411 430 CHRONIOA
430 379 545 432 REGIA
566 378 810 432 COLONIENSIS
830 379 862 430 A.
886 379 966 430 1157.
987 378 1067 429 1158.
1152 379 1188 430 95

435 553 604 605 Beccnsio
624 554 648 604 Ι.
670 555 765 605 codd.
786 553 819 603 A.

55 676 165 719 causa
186 655 254 721 irae
275 656 485 742 imperatoris,
513 678 631 743 magno
657 657 773 720 timore
802 676 888 742 papa
910 666 942 720 et
964 667 1097 719 omnes·
1119 677 1187 720 car-

54 737 190 804 dinales
212 749 245 805 et
266 741 373 804 cuncti
393 740 533 805 Romani
577 739 693 805 ercidsi
715 750 799 823 sunt,
829 750 859 804 et
888 737 1008 804 crebris
1035 739 1190 825 epistolis,

55 845 147 922 qpas
170 823 213 888 ad
236 845 309 887 eum
332 834 364 889 et
385 847 534 923 proceres
553 764 748 911 dirigebant,
769 825 917 909 mitigare
939 824 1078 889 timorem
1089 826 1189 889 animi

55 930 134 972 erus
156 908 351 991 nitebantur,
366 908 518 992 dicentes,
533 910 620 995 quod
635 931 700 973 non
714 918 801 972 recte
815 909 950 973 verbum
964 906 1052 989 illud,
1068 908 1189 974 scilicet

56 991 269 1073 beneficium,
291 994 374 1057 inter
397 1003 534 1058 rotatum
557 1003 649 1075 esset,
666 1014 703 1057 eo
720 992 807 1079 quod
821 991 909 1078 apud
924 1014 979 1057 eos
994 991 1188 1058 beneficium

56 1098 129 1140 non
150 1075 291 1159 feodum,
326 1015 395 1141 sed
429 1078 498 1142 uasi
525 1076 729 1143 benefactum
758 1076 960 1142 haberetur1.
1004 1075 1088 1140 Illud
1110 1100 1187 1164 ergo

59 1161 272 1226 seminarium
298 1099 479 1226 discordiae
507 1162 590 1226 inter
615 1162 777 1225 Romanos
800 1171 832 1225 et
852 1162 1082 1259 imperatorem
1110 1173 1186 1227 erat.

59 1244 132 1308 Nec
161 1244 223 1308 hoc
251 1243 337 1327 latet,
371 1247 456 1330 quod
488 1244 625 1309 domnus
671 1267 743 1330 apa,
769 1244 879 1309 aridito
901 1249 1103 1331 imperatoris
1130 1245 1185 1311 ad-

58 1337 161 1393 ventu
194 1327 237 1392 ad
265 1329 396 1394 vincula
426 1330 525 1394 sancti
547 1329 635 1395 Petri
686 1351 759 1394 oma
787 1328 965 1413 discedens,
993 1330 1084 1394 iuxta
1112 1352 1261 1416 pra-nso.

60 1422 132 1478 tum
154 1411 319 1499 quoddam
349 1435 422 1477 cum
451 1412 664 1479 cardinalibus
687 1414 753 1478 suis
776 1412 945 1477 consilium
965 1413 1121 1498 habuerit,
1148 1412 1251 1479 ut‘4¹‘⁹·
1269 1415 1292 1452 ¹·

59 1498 219 1562 domnum
241 1498 467 1583 imperatorem
496 1499 797 1579 excommunicaret,
830 1508 863 1562 et
882 1499 941 1561 vix
963 1509 1094 1597 peraeto
1123 1499 1184 1564 hoo

59 1582 210 1664 consilio,
238 1591 336 1645 noctu
364 1582 432 1646 vita
458 1580 650 1664 decesserit3
678 1591 711 1646 et
740 1580 979 1668 quodplurim1
1008 1582 1185 1648 cardinales

58 1667 123 1731 hoc
152 1689 188 1730 se
217 1675 293 1730 voto
323 1667 581 1749 constrinxerint,
614 1667 710 1752 quod,
741 1668 768 1730 si
790 1665 943 1730 domnum
966 1688 1089 1765 papam
1118 1670 1186 1732 vita

58 1749 221 1816 decedere
251 1750 446 1834 contigisset,
478 1748 601 1814 nullum
628 1751 658 1814 ei
691 1771 920 1832 successorem,
942 1752 1004 1813 msi
1027 1752 1082 1837 qui
1104 1752 1186 1815 eius-

59 1834 136 1900 dem
160 1845 247 1899 esset
269 1835 428 1920 propositi
449 1845 481 1899 et
502 1833 675 1899 voluntatis
698 1845 809 1900 contra
830 1835 1068 1918 imperatorem,
1091 1834 1187 1921 elige-

57 1929 163 1985 rent..
187 1917 284 1984 Unde
306 1929 380 2066 post
402 1919 525 1984 obitum
548 1918 693 1983 eiusdem
714 1940 818 2005 papae
840 1939 958 2003 magna
973 1917 1134 1983 discordia
1156 1929 1190 1984 et

60 2005 184 2068 scisma
206 2001 305 2087 lugon
328 2025 381 2066 um
415 2001 563 2067 omnibus
595 2003 751 2067 ecclesiae
772 2001 845 2067 filiis
874 2003 908 2064 in
934 2001 1091 2067 aecclesia
1122 2002 1187 2068 Dei

58 2087 184 2152 factum
207 2096 264 2169 est,
280 2087 394 2152 ceteris
410 2085 626 2152 cardinalibus
643 2087 886 2152 conventionem
902 2095 933 2150 et
947 2096 1060 2151 votum
1075 2110 1186 2153 eorum

59 2171 298 2256 ignorantibus,

300 2255 331 2318 A
353 2256 382 2318 2.
865 2254 896 2317 A
919 2257 947 2317 1.

59 2348 93 2403 et
114 2360 221 2424 usque
247 2339 280 2402 in
308 2337 391 2401 hanc
419 2338 504 2403 diem
526 2337 621 2402 huius
664 2338 853 2423 duravitque
875 2360 934 2424 per
957 2340 996 2403 16
1018 2359 1129 2402 annos.

58 2423 222 2488 scismatis
244 2432 428 2509 perseverat
444 2420 637 2570 periculum.

475 2527 539 2570 nno
562 2506 696 2569 Domini
719 2506 811 2570 1157.

139 2591 329 2676 Imperator,
358 2589 470 2655 habita
497 2588 639 2675 generali
670 2590 759 2654 curia
786 2610 861 2654 cum
889 2590 1101 2738 principibus,
1130 2591 1187 2654 e'x·

82 2674 262 2739 editionem
283 2675 317 2738 in
338 2673 464 2738 Italiam
479 2683 591 2738 contra
601 2672 820 2737 Mediolanum
835 2672 962 2738 indixit,
1027 2675 1187 2739 ridericus

56 2698 266 2826 boloniensis
288 2759 459 2844 episcopus
481 2767 622 2822 castrum
643 2756 854 2822 Randerodeb
877 2758 1036 2822 destruxit
1044 2770 1066 2822 ².

442 2842 538 2906 Anno
553 2842 686 2906 Domini
714 2842 805 2906 1158.

139 2927 322 3012 Imperator
354 2926 479 2992 Italiam
514 2929 699 3007 intraturus,
733 2925 925 2990 Reinoldum
960 2923 1184 2988 cancellarium

56 3033 168 3091 suum,
182 3013 288 3074 virum
304 3011 392 3075 omni
405 3010 573 3096 probitatis
587 3032 704 3094 genere
714 3008 904 3091 mirabilem,
916 3019 948 3075 et
960 3009 1112 3075 Ottonem
1128 3030 1185 3092 pa-

56 3094 197 3158 latinum
209 3095 359 3158 comitem
371 3095 517 3180 premisit
528 3103 551 3158 ³.
574 3108 625 3169 Qui
636 3108 784 3158 Bononiam
798 3108 969 3157 veniente
978 3124 1000 3170 s,
1016 3107 1132 3170 peractis
1146 3105 1187 3154 ibi

402 3273 570 3327 Recensio
587 3275 628 3327 II.
649 3275 741 3328 codd.
761 3275 795 3329 B.
818 3273 845 3327 0.

58 3378 279 3455 sacerdotium
302 3380 471 3444 concordia
493 3389 526 3444 et
545 3401 612 3465 pax
634 3387 717 3443 stare
738 3401 804 3443 non
824 3379 958 3465 poterit'.
991 3376 1037 3440 At
1046 3376 1185 3440 Romani

57 3463 316 3547 indignationem
338 3465 470 3527 stiram
493 3464 692 3548 imperatoris
713 3473 901 3542 metuentes,
924 3460 1018 3525 aliam
1030 3461 1183 3545 interpre-

58 3549 222 3612 tacionem
245 3547 383 3610 nominis
404 3547 499 3611 huius
521 3545 730 3632 protulerunt,
754 3557 785 3611 et
806 3545 998 3612 beneficium
1014 3545 1106 3631 quasi
1129 3543 1186 3608 be-

60 3631 245 3696 nefactum⁰
267 3629 402 3714 intelligi
422 3630 539 3696 debere
562 3630 721 3695 dixerunt.

225 3714 279 3779 Id
323 3714 418 3779 Anno
441 3715 618 3779 dominicae
640 3715 868 3780 incarnationis
892 3715 1004 3779 11580.

144 3804 295 3872 Imperator
328 3806 436 3856 Italiam
470 3807 614 3856 intraturus
649 3805 829 3872 Reginaldum
861 3804 1051 3856 cancellarium
1090 3819 1183 3864 suum,

59 3886 184 3948 postea
202 3879 522 3946 archiepiscopum,
543 3885 570 3930 et
589 3881 713 3930 Ottonsm
733 3878 880 3945 palatinum
902 3880 1026 3929 comitem
1051 3877 1182 3942 premisit.

61 3988 437 4039 atdmtA2,atietomnesR.
468 3988 673 4040 b)Rauden1-ohds
691 3988 739 4029 At.
756 3986 972 4038 :doarensium
989 3987 1033 4026 01.
1065 3983 1121 4036 (1)6Δ
1140 3985 1187 4024 02.

61 4047 83 4098 a)
102 4049 166 4088 1158.
185 4059 243 4088 corr.
262 4048 327 4088 115⁷.
346 4048 388 4087 02.

63 4144 90 4208 1)
116 4143 145 4194 V.
165 4142 242 4209 epist.
262 4141 406 4192 Hadriani
433 4141 513 4194 Gesta
531 4141 591 4206 ΙΙΙ,
617 4143 661 4192 22.
757 4142 786 4207 2)
808 4140 847 4206 Of.
870 4141 942 4192 Aca.
961 4138 1096 4207 Aquccacs
1126 4141 1142 4193 l.
1163 4141 1184 4193 l.

6 4275 8 4286 ἱ
61 4216 90 4283 3)
109 4217 190 4268 Haec
206 4217 330 4266 narratio
349 4217 488 4280 desumpta
508 4225 545 4267 cat
564 4233 596 4266 ec
615 4215 726 4282 epistola
746 4214 873 4267 Bcincldi
892 4213 1045 4265 concellarii
1064 4223 1088 4265 ct
1111 4212 1181 4264 Otto·

6 4291 8 4308 '
61 4289 101 4342 nis
115 4288 239 4356 palatini
258 4287 357 4340 comitis
377 4290 414 4340 ad
432 4289 617 4354 imperatorem
636 4291 710 4354 dcto,
730 4306 810 4354 quam
829 4289 899 4354 typis
924 4286 1052 4353 capressit
1071 4287 1108 4337 H.
1129 4285 1185 4338 Su·

62 4363 185 4429 dmdorf,
205 4362 462 4430 Reqiso.11,131.
508 4361 542 4414 Ρ.
