2934 4998
276 391 332 444 280
407 388 595 443 CHRONICA
614 387 727 440 susle
746 387 1002 441 communem.
1022 386 1125 439 CONT.
1135 388 1169 439 V.
1190 387 1222 437 A.
1237 383 1327 435 1241.

278 567 426 644 occupet,
448 567 480 622 et
501 554 648 621 similiter
669 555 905 638 Beneventum3
928 576 1002 618 nam
1025 554 1086 620 hec
1107 564 1203 620 ante³
1224 553 1291 618 diu
1301 552 1403 618 Viter-
1448 554 1451 643 l

277 641 367 710 bium
398 642 573 792 inssperator
603 640 781 705 habuerat³
814 660 887 705 cum
920 638 991 704 aliis
1023 638 1130 705 multis
1163 639 1285 704 castris
1322 659 1405 724 pape

277 726 423 794 attinenti
446 747 495 796 us.

361 809 434 874 Hoc
460 829 544 873 anno
572 805 679 872 clades
708 805 846 872 exitialis
876 805 989 894 populi
1018 805 1183 870 christiani
1210 815 1263 872 est
1295 805 1408 869 audita

277 894 366 981 apud
394 916 453 958 nos
480 892 521 957 de
548 891 689 956 adventu
717 891 934 973 Tartarorum,
968 891 1009 955 de
1037 911 1174 977 quorum
1206 888 1409 956 crudelitate

278 999 371 1044 aures
400 985 508 1043 nostre
536 975 676 1041 tinniunt
702 984 736 1040 et
764 974 862 1039 corda
891 975 1150 1040 contremiscunt.
1192 975 1268 1040 Hec
1298 984 1409 1038 autem

300 1085 367 1144 ens,
395 1061 512 1148 proutl
543 1060 669 1140 dicitur,
703 1081 720 1123 e
761 1080 832 1123 essa
859 1071 923 1122 ex⁰
954 1057 1075 1124 ultimis
1106 1058 1254 1145 partibus
1280 1055 1410 1124 Scithie

277 1084 373 1230 longe
394 1144 477 1210 ultra
497 1142 632 1229 paludes
647 1143 720 1208 Meo
757 1142 848 1208 ides‘¹
868 1142 986 1207 multos
1007 1142 1144 1243 populos
1166 1143 1410 1207 transmarinos

279 1239 312 1295 et
331 1229 534 1294 admarin0s⁶
557 1227 767 1314 perdomuit‘,
797 1237 829 1292 et
851 1227 1033 1312 subiugatis
1055 1227 1119 1291 sibi
1140 1228 1257 1291 Ruseie
1283 1226 1412 1310 regnis,
1460 1237 1461 1280 ἲ

201 1311 339 1378 Fur-hoc
360 1335 444 1377 anno
467 1313 555 1376 circa
577 1311 856 1398 quadragesimam
871 1310 1038 1376 Poloniam
1060 1322 1110 1376 est
1130 1313 1162 1374 in
1187 1333 1290 1392 ressa,
1318 1311 1411 1374 cuim
1459 1333 1461 1360 2

300 1395 448 1464 lurimam
486 1406 588 1461 artem
603 1397 749 1477 vastavit,
773 1394 922 1481 spoliavit
937 1406 969 1460 et
990 1395 1141 1475 incendit,
1164 1334 1412 1460 Rabitatoribns

313 1480 397 1581 gatis
418 1419 617 1545 vedoccisis.
660 1481 737 1567 Ipsa
759 1481 878 1546 etenim
898 1501 977 1565 gens
999 1480 1034 1542 in
1056 1479 1204 1544 omnibus
1227 1476 1414 1542 crudeliter
1459 1507 1461 1562 5

280 1585 415 1645 senens,
436 1562 516 1628 nulli
538 1563 642 1628 ordini
663 1565 810 1650 pepercit
823 1561 874 1628 vel
893 1562 1052 1648 religioni.
1088 1563 1167 1627 Dux
1187 1572 1302 1627 autem
1319 1561 1411 1625 Hen-
1459 1567 1461 1646 1

278 1649 365 1712 ricus
387 1647 427 1713 de
448 1646 687 1712 Fratisloviass·l
715 1647 838 1713 eisdem
868 1669 1036 1712 occurrens
1064 1668 1139 1711 cum
1167 1647 1314 1732 quodam
1345 1644 1412 1710 alio
1459 1649 1461 1704 ἐ

279 1732 360 1798 duce
368 1743 391 1815 ²,
423 1733 458 1795 in
488 1730 589 1798 multa
610 1731 796 1797 fortitudine
824 1732 930 1796 victus
963 1741 1028 1814 est;
1061 1731 1118 1795 ubi
1138 1731 1202 1817 ipsi
1235 1731 1346 1796 duces
1379 1739 1412 1794 et
1459 1731 1461 1762 ⁴

277 1815 370 1880 multi
396 1817 518 1881 strenui.
543 1814 660 1880 milites
690 1825 763 1880 sunt
792 1816 936 1897 extincti,
959 1825 991 1880 et
1012 1825 1110 1962 eaput
1125 1814 1216 1879 ducis
1237 1823 1410 1880 resectum
1459 1823 1461 1862 f

278 1909 328 1965 eet
349 1909 381 1964 et
401 1899 443 1964 ab
465 1901 545 1999 ipsis
566 1908 764 1986 asportatum
772 1900 796 1965 ¹¹.
840 1901 965 1964 Exiens
980 1899 1056 1963 aPo
1071 1901 1144 1963 onia
1157 1898 1309 1985 predicta
1325 1919 1409 1983 gens

277 1985 456 2050 Moraviam
477 1992 575 2049 mtrat
596 1994 636 2066 et,
660 1984 747 2070 quod
767 1982 953 2049 incredibile
976 1982 1064 2048 dictu
1080 1993 1139 2066 est,
1161 1983 1257 2047 unius
1280 1983 1354 2048 diei
1375 1990 1407 2046 et

277 2069 380 2133 noctis
402 2068 505 2154 spatio
528 2090 586 2153 per
637 2079 753 2133 uatuor
774 2068 885 2149 dietas,
914 2069 1113 2152 pertransitis
1134 2067 1257 2153 rapidis
1279 2066 1406 2139 fluviis,

279 2161 367 2217 mota
397 2162 456 2234 est,
488 2162 588 2218 totam
615 2090 788 2216 devastans
815 2152 994 2216 bloraviam
1014 2160 1123 2236 preter
1144 2163 1249 2216 castra
1272 2161 1306 2216 et
1330 2150 1404 2214 loca

277 2237 409 2301 munita.
452 2236 491 2300 In
513 2237 648 2300 transitu
669 2237 766 2300 etiam
793 2236 873 2299 fines
895 2236 1111 2300 lllissinensisi
1133 2235 1270 2300 diocesis
1292 2234 1406 2319 attigit

278 2331 310 2384 et
340 2319 388 2384 ibi
418 2319 573 2405 plurimas
606 2341 758 2407 personas
790 2320 935 2405 peremit.
988 2319 1068 2384 Inde
1101 2321 1135 2384 in
1168 2319 1402 2405 Hungariamk
1457 2319 1461 2408 l

277 2405 483 2490 perveniens,
520 2403 671 2468 adiuncta
707 2403 770 2468 sibi
804 2415 900 2486 gente
937 2403 1170 2468 Oomanorum¹
1203 2403 1402 2484 truculenta,
1459 2409 1461 2430 ¹

277 2489 497 2552 cruentissima
511 2486 590 2552 cede
605 2487 761 2554 devastat.
794 2489 864 2552 Rex
879 2489 1108 2574 Hungarorum
1128 2487 1190 2551 illis
1214 2508 1401 2567 occurrens,

279 2572 381 2656 copiis
415 2573 610 2653 instauratis,
647 2593 720 2635 cum
751 2571 949 2636 validissimo
983 2573 1128 2638 exercitu
1162 2594 1259 2657 super
1291 2573 1399 2658 ripam

234 2683 237 2690 ·
279 2654 447 2718 cuiusdam
480 2657 605 2720 amnis³
638 2655 793 2721 consedit.
837 2657 963 2720 Tartari
994 2678 1069 2721 vero
1103 2678 1178 2720 cum
1212 2655 1400 2721 Comanism
1460 2723 1461 2734 ,

278 2748 371 2803 nocte
394 2739 543 2824 quadam,
577 2740 628 2804 die
649 2741 707 2805 vix
728 2739 942 2821 illucescente,
972 2763 1098 2806 amnem
1127 2761 1226 2825 supra
1254 2751 1287 2804 et
1312 2739 1401 2804 infra

278 2822 450 2887 artificiose
471 2823 663 2905 traicientes,
691 2825 872 2889 exercitum
895 2824 1125 2922 Hungarcrum
1156 2826 1325 2888 incautum
1355 2824 1401 2885 in-

277 2906 407 2971 vadunt.
444 2907 600 2974 Extincta
612 2907 792 2972 referuntur
813 2907 859 2973 ibi
874 2918 1043 2992 sexaginta
1053 2908 1285 2994 Hungarorum
1299 2906 1401 2986 milia,
1459 2939 1461 2978 ι

277 2991 361 3056 inter
383 3012 463 3077 quos
485 2990 549 3056 duo
572 2993 717 3077 episcopi
739 3001 771 3056 et
791 2990 882 3056 multi
903 2991 1096 3057 Teuthonici
1107 3005 1131 3074 ¹¹,
1155 2991 1272 3056 Gallici
1280 3003 1303 3072 ⁰,
1334 3002 1401 3057 tam
1458 2983 1461 3052 l

278 3073 402 3140 nobiles
435 3097 532 3161 quam
564 3075 722 3161 vulgares,
755 3078 913 3162 perieras.
955 3076 1027 3140 Rex
1058 3098 1135 3140 vero
1168 3076 1400 3160 Hungarorum
1459 3089 1461 3118 l

277 3159 354 3245 fuga
382 3157 521 3244 elapsus,
555 3181 628 3222 cum
659 3161 772 3245 paucis
798 3161 856 3224 vix
886 3163 997 3224 evasit.
1046 3159 1115 3225 Nec
1140 3181 1240 3242 mora,
1270 3158 1399 3226 Tartari

278 3241 453 3308 bestialiter
475 3244 631 3308 sevientes
642 3255 669 3326 t,
703 3265 830 3308 omnem
852 3243 1081 3330 Hungarorum
1110 3243 1274 3310 residuam
1294 3245 1400 3330 regio-

277 3333 381 3392 nemr'
399 3336 536 3409 vastant,
568 3326 689 3392 incolas
724 3337 890 3393 contenmt
921 3339 970 3393 et³
1003 3328 1125 3414 fugant.
1169 3327 1237 3393 Nec
1269 3329 1401 3408 mirum,

278 3431 350 3475 cum
372 3415 490 3476 totumt
517 3433 653 3495 regnum
678 3411 845 3498 Hungarie
872 3411 938 3476 fere
965 3410 1085 3476 nullam
1113 3413 1275 3476 civitatem
1298 3413 1400 3478 muris

277 3494 434 3559 munitam
470 3493 619 3559 babuerit
655 3505 709 3560 et¹¹
747 3506 851 3560 castra
887 3498 988 3566 firma.
1063 3497 1136 3560 Rex
1177 3497 1285 3582 itaque
1324 3517 1397 3584 pro-

277 3577 311 3642 fu
336 3601 373 3642 us
402 3577 445 3642 ad
477 3577 592 3642 ducem
620 3578 751 3646 Austrie
783 3603 817 3644 se
849 3579 982 3646 contulit
1015 3589 1047 3645 et
1076 3579 1306 3666 postmodumv
1340 3601 1401 3666 per

322 3663 483 3727 aciensem
516 3662 703 3750 episcopum
733 3663 774 3728 ab
806 3665 996 3750 imperatore
1028 3662 1185 3729 auxilium
1211 3661 1400 3750 postulavit,

278 3860 302 3914 a)
317 3863 349 3904 tta
365 3864 421 3914 013
445 3874 499 3904 nem
523 3863 567 3902 hoc
589 3873 651 3903 anno
668 3863 708 3903 diu
721 3864 851 3906 Vlterbium
866 3864 966 3906 habebat
981 3865 1107 3913 imperator
1122 3865 1173 3904 Da.
1223 3860 1248 3914 b)
1265 3863 1331 3913 prius
1347 3864 1396 3902 Dl.

279 3920 300 3973 e)
317 3924 345 3962 ab
361 3923 411 3965 Dt.
472 3921 495 3974 d)
511 3923 639 3962 Meothtces
656 3922 705 3964 Dl.
766 3921 788 3974 e)
805 3935 857 3964 cum
873 3924 976 3964 marinos
991 3923 1040 3964 Dt.
1100 3922 1179 3976 Osibt
1195 3922 1329 3972 perdomuit
1345 3922 1397 3964 Μ,

278 3980 301 4030 g)
317 3981 454 4022 Frenelovia
470 3982 552 4023 Dm.
618 3980 642 4032 h)
659 3985 695 4021 eet
710 3986 851 4032 asportatum
867 3983 917 4022 Μ.
984 3979 1003 4030 1)
1017 3982 1144 4022 Misnenete
1160 3982 1207 4022 Dt.
1277 3978 1303 4032 k)
1319 3981 1397 4030 Unge-

278 4039 336 4080 riam
352 4040 394 4080 Bt
409 4041 504 4090 saeptae.
565 4037 583 4091 l)
600 4039 755 4082 camenarum
771 4042 821 4083 Da.
879 4040 911 4093 m)
928 4040 1104 4083 (tumentem.
1164 4039 1189 4090 n)
1205 4041 1330 4080 'teutonici
1345 4041 1393 4081 Dt.

278 4095 301 4150 ο)
319 4097 396 4140 Gallie
411 4100 459 4142 Dr.
533 4096 558 4151 p)
574 4101 693 4150 perierunt
708 4100 760 4142 Dt.
833 4097 858 4152 q)
873 4101 1035 4141 desaevientes
1051 4099 1103 4142 De.
1178 4097 1198 4149 r)
1216 4110 1266 4149 reg.
1283 4110 1328 4142 ree.
1345 4100 1398 4140 De.

278 4153 298 4206 e)
315 4166 343 4197 ee
358 4158 407 4198 Dt.
467 4157 486 4210 t)
502 4162 557 4199 tunc
572 4160 682 4210 temporis
698 4170 716 4199 r.
733 4159 782 4200 De.
842 4156 866 4209 u)
882 4169 908 4200 aa
924 4158 973 4200 Bt.
1034 4155 1058 4210 v)
1074 4161 1157 4210 postea
1172 4157 1223 4199 Da.

281 4303 309 4372 1)
327 4305 461 4369 Bresluu5
479 4307 556 4358 imma
576 4307 632 4360 dux
651 4307 683 4358 cle
705 4307 832 4374 Ltepnita.
853 4306 885 4360 Α.
962 4306 991 4376 2)
1004 4308 1127 4361 Boleslao
1147 4307 1213 4359 duce
1232 4307 1266 4360 de
1283 4305 1393 4376 Oppeln.

279 4377 309 4446 3)
330 4375 394 4431 Saia
415 4379 508 4444 amab,
528 4377 574 4444 qui
591 4380 621 4430 ia
643 4377 901 4449 neumasensium
919 4381 1014 4450 influit.
