2970 4996
298 383 349 430 112
507 381 694 434 CHRONICA
713 381 825 434 REGIA
846 381 1090 433 COLONIENSIS
1111 381 1143 431 A.
1165 380 1244 431 tica.

668 553 835 607 Becauaio
855 556 879 608 Ι.
898 557 993 608 codd.
1014 556 1046 608 A.

297 624 501 708 magnificam
534 643 572 686 ac
606 620 815 706 sollempnem
848 625 972 688 curiam
1005 645 1079 688 cum
1112 622 1234 707 ingenti
1272 620 1426 684 omnium

318 708 414 772 audio
436 707 555 773 ibidem
579 703 753 771 celebravit
768 729 842 772 cum
857 709 1015 772 universis
1038 704 1241 772 Lonbardiae
1264 703 1427 790 principi·

295 731 367 872 bus,
391 790 638 870 marchionibus,
661 790 842 873 comitibus,
865 790 1050 873 baronibus,
1073 790 1248 876 capitaneis
1276 810 1315 852 ac
1345 809 1428 852 con·

297 875 430 941 solibus.
473 875 533 940 His
556 873 705 940 omnibus
729 897 837 941 coram
860 898 894 942 se
921 875 961 940 de
996 885 1127 962 sumptu
1147 874 1235 958 regio
1265 871 1427 937 habunde

202 961 372 1036 Apretecit
393 959 574 1025 ministrari.
629 959 724 1024 Faria
753 960 895 1025 secunda
922 961 1061 1045 paschae
1091 959 1202 1023 Pisani
1231 956 1428 1022 fidelitatem

297 1045 482 1130 imperatori
503 1045 689 1108 iuraverunt
711 1053 742 1109 ct
763 1044 1004 1130 expeditionem
1026 1045 1056 1109 ei
1078 1043 1182 1108 facere
1202 1041 1429 1127 promiserunt

298 1129 332 1192 in
357 1126 520 1213 Apuliam,
548 1129 582 1191 in
611 1126 804 1209 Calabriam,
833 1130 867 1191 in
898 1127 1052 1210 Siciliam,
1081 1129 1114 1191 in
1142 1126 1334 1208 Sardiniam,
1365 1126 1428 1189 in⁸

299 1211 465 1277 Corsicam
488 1221 519 1276 et
541 1233 651 1275 versus
676 1211 996 1298 Constantinopolim.
1048 1212 1151 1278 Dedit
1172 1212 1267 1275 etiam
1290 1211 1337 1274 eis
1361 1211 1428 1272 im-

186 1296 448 1383 npr.1o.pcrator¹'
471 1317 562 1360 suum
585 1295 749 1360 vexillum.
776 1297 871 1361 Faria
893 1297 1004 1362 tertia¹
1020 1297 1206 1360 Brixicnscs
1229 1293 1347 1359 similia
1361 1295 1427 1357 im-

187 1381 439 1468 apareperatori
461 1381 654 1444 iuraverunt.
699 1381 824 1446 Octava
845 1380 983 1468 paschae
1005 1402 1025 1444 a
1049 1381 1093 1445 ud
1108 1381 1306 1444 Taurinum²
1329 1379 1428 1443 curia

299 1464 432 1530 celebris
469 1475 517 1530 cst
552 1462 677 1546 habita,
711 1474 743 1530 et
774 1467 820 1529 sic
850 1474 917 1529 tota
949 1404 1132 1529 Lonlardia
1160 1486 1203 1528 ac
1233 1463 1355 1528 Tuscia
1391 1473 1428 1529 ot

298 1549 455 1614 Romania
477 1549 519 1613 ad
541 1558 654 1613 nutum
676 1549 880 1634 imperatoris
901 1550 962 1613 fuit
983 1547 1144 1614 inclinata.

372 1631 439 1697 Illis
461 1632 575 1698 diebus
596 1631 694 1717 legati
716 1635 801 1719 regis
824 1633 980 1699 Franciae
1002 1635 1036 1697 in
1057 1632 1183 1698 Italiam
1205 1632 1247 1696 ad
1279 1633 1428 1718 impera-

299 1726 399 1782 torem
432 1727 588 1783 venerunt
620 1739 678 1802 pro
713 1718 936 1803 componenda
968 1740 1047 1818 pace
1075 1727 1107 1782 et
1135 1718 1257 1782 unitate
1287 1727 1428 1782 sanctae

299 1800 453 1867 ecclesiae
476 1841 516 1850 —
539 1822 674 1887 quorum
698 1801 739 1866 de
760 1824 893 1867 numero
917 1803 1090 1868 Heinricus
1113 1823 1220 1866 comes
1242 1800 1304 1865 de⁰
1318 1800 1427 1866 ΡΙιίε8

299 1894 366 1951 crat
390 1923 439 1968 —,
462 1896 589 1951 orantes
611 1886 846 1971 imperatorem,
868 1896 904 1951 ut
925 1889 1047 1950 curiam
1090 1885 1249 1952 eneralem
1264 1885 1428 1951 indiceret

299 1980 331 2035 et
351 1969 517 2036 Victorem
539 1991 658 2057 papam
679 1971 832 2035 interesse
858 1970 987 2053 faceret,
1014 1909 1201 2057 pollicentes
1228 1969 1288 2034 suh
1310 1991 1422 2034 sacra·

298 2064 406 2119 mento
435 2054 520 2135 fidei,
551 2076 659 2139 regem
688 2054 845 2119 Franciac
876 2077 914 2120 co
943 2066 1113 2121 venturum
1140 2064 1172 2119 et
1194 2053 1422 2119 Alexandrum

298 2159 417 2224 papam
430 2159 541 2201 seeum
553 2138 775 2221 adducturum,
794 2147 830 2203 ut
839 2139 982 2203 iudiciod
994 2138 1148 2205 ecclesiae
1160 2139 1289 2202 iusticia
1299 2140 1422 2204 utrius-

299 2244 362 2307 que
373 2229 560 2307 patcsceret.
588 2223 711 2286 Annuit
721 2222 771 2286 his
782 2224 965 2308 imperator,
978 2235 1010 2289 et
1021 2221 1161 2309 generali
1173 2222 1285 2286 sinodo
1296 2223 1422 2287 indicta

299 2308 332 2368 in
355 2307 530 2392 municipio
553 2304 640 2392 quod
662 2305 780 2371 dicitur
802 2307 932 2372 Leona⁴
954 2331 1052 2393 super
1073 2307 1206 2373 fluvium
1220 2307 1360 2372 Saonam
1382 2307 1421 2370 in

299 2391 487 2490 episcopatu
518 2389 697 2468 Bisontino,
724 2392 900 2455 maximam
927 2392 973 2458 ibi
1002 2392 1131 2458 domum
1160 2392 1194 2455 in
1215 2391 1420 2478 longitudine

299 2485 331 2538 ct
361 2474 527 2539 latitudine
557 2497 616 2559 per
642 2484 741 2539 totam
772 2486 905 2541 estatem
931 2476 1084 2542 fabricari
1110 2477 1194 2541 fecit.
1246 2477 1295 2541 lta
1320 2499 1360 2541 ue
1383 2477 1421 2541 in

186 2570 242 2620 Aua
253 2570 288 2612 2⁹·
299 2558 508 2624 decollatione
531 2559 633 2623 sancti
644 2559 796 2624 Iohannis
820 2559 977 2646 baptistae
1000 2562 1175 2647 imperator
1199 2582 1272 2624 eum
1315 2563 1419 2626 ictore

299 2665 384 2729 papa
412 2642 553 2725 advenit,
582 2650 630 2706 set
656 2654 688 2708 et
718 2645 862 2707 maxima
892 2644 1062 2710 multitudo
1090 2644 1419 2730 archiepiscoporum,

300 2729 536 2812 episcoporum,
564 2726 729 2808 abbatum,
759 2728 888 2811 ducum,
915 2730 1099 2815 principum
1128 2730 1269 2814 presenti
1302 2730 1419 2794 sinodo

299 2810 419 2877 aderat.
477 2811 549 2874 Rex
581 2820 688 2876 autem
711 2812 868 2877 Franciac
888 2813 1104 2878 Luodowicus
1132 2835 1174 2877 ex
1204 2813 1304 2879 altera
1324 2821 1420 2899 parte

298 2894 438 2959 fluminis
460 2894 565 2980 pridie
592 2894 774 2979 advenerat,
813 2906 861 2961 set
880 2899 1060 2982 griseorum
1089 2897 1318 2962 monachorum
1328 2908 1350 2979 ⁵,
1382 2908 1422 2964 ut

635 3023 799 3075 Receasio
819 3022 860 3075 II.
881 3025 974 3076 codd.
995 3025 1028 3078 B.
1050 3024 1078 3076 Ο.

296 3098 413 3164 paschae
451 3098 541 3148 Pisani
576 3096 734 3148 fidelitatem
765 3099 919 3164 imperatori
950 3100 1112 3160 iuraverunt,
1147 3104 1174 3150 et
1212 3097 1422 3165 expeditionem.

297 3176 451 3238 prompto
471 3173 585 3222 animo
606 3172 633 3220 in
653 3170 788 3237 Apuliam,
807 3172 835 3220 in
847 3170 1008 3235 Calabriam,
1028 3175 1057 3223 in
1068 3171 1198 3233 Siciliam,
1212 3175 1239 3223 in
1253 3174 1418 3240 Sardiniam,

296 3247 325 3295 in
352 3244 487 3296 Corsicam
515 3251 542 3295 et
568 3260 659 3296 versus
687 3243 948 3310 Constantinopolim
973 3247 1062 3315 feccrp
1098 3248 1284 3313 promiserunt.
1334 3249 1421 3300 Faria

297 3320 381 3370 tercia
396 3319 548 3370 Brixienses
568 3318 686 3369 sintriae
705 3320 868 3369 iuraverunt.

370 3393 508 3448 Eodem
537 3399 706 3464 tempore
728 3393 945 3447 Ludcwicus
973 3411 1029 3448 rex
1057 3393 1198 3450 Franciae
1229 3395 1352 3467 legatos
1383 3400 1420 3452 ad

297 3469 501 3546 imperatoremf
531 3498 578 3547 pro
615 3482 800 3548 componenda
832 3497 900 3546 paca
935 3487 963 3532 et
990 3483 1092 3548 unitata
1122 3489 1231 3534 sanctae
1267 3484 1418 3535 eecclesiae

298 3567 402 3628 misit,
433 3579 506 3632 quos
529 3561 592 3632 ipse
616 3567 768 3633 gratanter
791 3561 929 3632 suscepit.

372 3644 490 3709 Igitur
509 3645 629 3709 generali
648 3644 751 3711 synodo
771 3645 874 3696 indicta
893 3647 921 3694 in
941 3647 1086 3712 municipio
1113 3646 1185 3711 quod
1204 3647 1297 3696 Leoua
1318 3648 1419 3698 dicitur

299 3733 378 3782 super
398 3717 506 3766 fluvium
527 3717 665 3767 Saonamt
684 3720 711 3767 in
738 3720 896 3789 episcopatu
914 3719 1063 3779 Bisontino,
1089 3720 1234 3787 imperator
1261 3735 1320 3770 cum
1345 3735 1416 3787 papa

299 3792 408 3842 Victore
429 3789 621 3854 multisque
641 3791 859 3859 archiepiscopis,
873 3787 1028 3861 episcopish
1049 3799 1076 3843 et
1094 3792 1235 3844 abbatibus
1255 3792 1370 3845 assuit
1389 3795 1418 3845 iu

299 3863 479 3916 decollatione
498 3864 585 3913 sancti
604 3864 732 3914 Iohannis
752 3864 894 3931 baptistae.
933 3866 991 3916 Rex
1011 3872 1100 3917 autern
1119 3866 1250 3916 Franciae
1271 3882 1304 3917 ex
1329 3867 1417 3920 altera

300 3972 468 4024 a)etlnA1.
501 3970 675 4024 b)i.eisA1.
708 3970 920 4023 e)velP1osA2.
952 3973 975 4025 d)
993 3975 1117 4016 aetat.
1147 3993 1176 4013 =
1206 3975 1415 4029 e)eimillter02.

300 4032 399 4084 Omisit
413 4044 456 4083 pro
472 4044 493 4075 c.
507 4045 532 4084 p.
547 4037 570 4072 ct
586 4045 608 4072 u.
625 4043 645 4074 e.
661 4031 705 4072 02.
766 4030 909 4084 amanam
927 4034 969 4074 Οἳ.
1033 4033 1186 4085 h)deoet01.

303 4126 329 4193 1)
347 4129 390 4179 die
410 4129 546 4180 dominica
564 4135 626 4196 post
644 4136 754 4179 octavas
767 4130 885 4195 paschae
896 4130 1012 4183 Acoreus
1024 4130 1136 4184 Merena
1143 4150 1176 4199 p.
1187 4134 1250 4186 638.
1299 4132 1328 4201 2)
1342 4135 1417 4188 Haeo

301 4217 402 4266 quoque
421 4219 452 4252 ea
466 4203 576 4268 epistola
588 4201 744 4253 Barcbordi
763 4200 809 4252 ubi
828 4203 935 4270 lepitar:
956 4205 1038 4256 Porro
1051 4206 1078 4256 in
1092 4209 1195 4258 octavis
1211 4209 1328 4274 paschae
1344 4211 1415 4278 apud

301 4276 443 4325 Taurinum
474 4278 548 4326 ouria
572 4275 765 4338 celebrabitur3
794 4276 841 4326 aed
865 4277 930 4328 baec
952 4276 991 4327 ito
1012 4295 1065 4328 noe
1088 4287 1125 4329 cet
1147 4279 1250 4344 habito3
1277 4281 1416 4336 Lehmann

299 4365 328 4414 p.
348 4350 402 4408 41,·
421 4347 504 4400 Prata
524 4347 671 4400 ‘Friedrich
691 4347 722 4400 12
740 4347 794 4401 Vol.
814 4348 839 4409 I,
853 4366 884 4414 p.
906 4349 958 4399 288
978 4367 1005 4401 a.
1063 4352 1090 4416 3)
1111 4350 1130 4401 i.
1150 4367 1172 4403 c.
1191 4352 1274 4405 Blor'o.
1294 4354 1344 4418 P.,·
1371 4375 1417 4422 qm

303 4429 326 4474 ct
350 4420 491 4474 Trecentis.
567 4421 597 4488 4)
618 4419 645 4474 S.
665 4420 734 4473 Icon
753 4422 786 4474 de
805 4421 901 4475 Lorne.
977 4420 1005 4487 δ)
1025 4420 1042 4475 i.
1064 4441 1085 4477 e.
1107 4423 1337 4490 Oiaicretensium.v
