2944 5002
278 360 432 411 MARTINI
453 359 700 413 CONTINUATIO
721 360 974 413 COLONIENSIS.
1130 359 1184 411 363

42 528 202 594 ecclesie
226 525 435 609 coloniensis,
459 527 612 592 Susatum
633 527 780 612 divertit,
807 550 846 592 ac
869 549 974 592 comes
997 528 1089 593 solita
1112 550 1184 593 con-

44 612 191 678 stancia
227 613 407 677 exercitum
443 613 608 698 copiosum
639 611 807 694 coadunat,
843 612 950 678 archia
974 613 1121 699 iscopum
1153 621 1186 678 et

45 719 137 762 suos
163 695 207 760 ad
221 695 341 761 bellum
356 696 572 783 provocando.
617 695 682 762 Sed
696 697 939 783 archiepiscopo
951 635 1060 761 locum
1075 719 1185 784 pugne

44 802 270 868 nequaquam
304 780 410 862 dante,
447 802 555 846 comes
584 789 616 845 et
644 781 695 845 sui
725 789 799 867 post
828 781 949 868 aliquot
980 781 1048 846 dies
1082 780 1185 866 digre-

46 865 208 931 diuntur.
251 867 525 965 Archiepiscopus
546 875 655 930 autem
682 865 834 930 absencia
861 866 986 932 comitis
1015 867 1185 948 animatus,

48 958 185 1014 terram
207 950 309 1035 ipsius
336 951 639 1014 circumracentem⁸
660 949 818 1015 hostiliter
843 951 976 1032 invadit,
1004 950 1126 1037 rapinis
1154 961 1187 1016 et

48 1033 225 1099 incendiis
254 1042 370 1098 cuncta
396 1032 603 1099 devastando.
646 1032 685 1098 In
713 1033 827 1100 eadem
849 1035 1061 1121 expedicione
1083 1033 1185 1098 archi-

50 1141 71 1183 e
100 1119 240 1266 iscopus
266 1118 309 1183 ad
339 1127 482 1184 extrema
512 1118 634 1183 ibidem
665 1121 822 1205 pervenit,
854 1128 887 1185 et
918 1118 1040 1218 aliquot
1070 1118 1185 1184 diebus

80 1224 186 1268 ecum
212 1225 278 1284 ens,
311 1204 419 1289 sepius
447 1204 481 1266 in
508 1202 692 1268 infirmitate
715 1202 826 1270 eadem
852 1204 1080 1268 comunrcavit.
1122 1202 1186 1268 Oui

51 1308 138 1351 cum
173 1309 193 1350 a
221 1286 402 1353 confessore
434 1308 492 1353 suo
530 1287 627 1352 fratre
660 1287 785 1352 Minore
819 1289 937 1352 iterum
977 1289 1183 1353 comunicare

51 1370 187 1437 volenti
208 1370 377 1454 diceretur,
404 1393 468 1436 non
497 1393 579 1458 opus
608 1393 678 1436 esse
706 1372 915 1438 eukaristiam
945 1395 1021 1459 sepe
1048 1394 1185 1455 sumere,

53 1454 204 1522 verbum
230 1457 385 1520 memoria
418 1455 552 1556 dignum
584 1456 763 1543 respondit:
797 1458 925 1520 ‘Anima
956 1479 1029 1521 mea
1057 1457 1187 1522 affectat

53 1540 126 1604 hoc
143 1550 390 1623 sacramentum,
413 1562 489 1626 qum
503 1539 626 1604 bonum
640 1551 689 1607 est
702 1542 879 1624 viaticum’3
902 1551 934 1606 et
953 1543 999 1606 ita
1013 1540 1184 1606 defunctus

55 1634 123 1706 est,
160 1647 235 1689 cum
267 1625 401 1691 sedisset
428 1627 514 1689 circa
544 1647 645 1689 annos
673 1634 756 1708 octo,
787 1626 820 1689 in
850 1625 961 1690 eadem
989 1625 1117 1691 civitate
1150 1626 1261 1691 innam.

57 1707 205 1774 ecclesia
236 1708 323 1775 beati
351 1709 503 1775 Patroclii
534 1709 672 1773 martiris
704 1709 889 1790 tumulatus,
920 1721 1074 1794 regnante
1106 1731 1184 1794 rege

58 1794 285 1858 Romanorum
292 1793 480 1860 Adalbert0.
501 1795 581 1858 Post
592 1798 682 1858 cuius
699 1793 867 1859 decessum
878 1796 911 1857 in
926 1792 1072 1880 eligendo
1083 1792 1185 1857 archi-

61 1879 222 1964 episcopo
251 1877 435 1943 Coloniensi
467 1878 599 1963 grandis
631 1878 786 1942 dissensio
820 1878 903 1944 inter
927 1877 1081 1943 electores
1115 1887 1186 1943 orta

62 1973 132 2037 est,
166 1961 358 2047 quibusdam
385 1972 462 2028 vota
494 1983 552 2026 sua
582 1963 639 2026 inb
660 1963 851 2027 Heinricum
883 1963 923 2027 de
946 1961 1186 2046 Wirnenburg0

62 2047 268 2133 prepositum
290 2046 424 2112 ecclesie
445 2048 577 2112 maioris
598 2047 633 2110 in
655 2046 790 2113 Colonia
810 2047 1085 2129 transferentibus,
1114 2046 1186 2112 aliis

63 2135 102 2196 in
137 2133 339 2217 prepositum
375 2133 580 2196 Bunnensem
615 2130 846 2215 Reynhardum
888 2130 927 2196 de
964 2131 1185 2212 Westerbur,

65 2215 200 2280 fratrem
223 2214 379 2301 Sigefridi
405 2215 639 2301 archiepiscopi
663 2213 876 2298 coloniensis,
906 2216 1020 2280 ceteris
1049 2216 1084 2279 in
1105 2153 1186 2280 Wil-

66 2299 211 2365 helmum
244 2301 433 2364 canonicum
465 2301 595 2364 maieris
625 2299 778 2381 ecclesie,
810 2298 911 2364 filium
938 2300 1064 2364 comitis
1091 2298 1186 2365 Iulia-

68 2385 184 2466 censis,
221 2385 311 2448 cuius
343 2395 436 2471 pater
468 2394 499 2449 et
531 2405 610 2448 avus
640 2383 838 2470 Aquisgrani
872 2385 1070 2450 interierunt.
1121 2383 1186 2448 Sed

67 2468 156 2534 idem
175 2467 368 2535 Wilhelmus
388 2491 454 2534 non
480 2466 580 2533 multo
602 2477 676 2555 post
706 2471 741 2532 in
768 2467 862 2551 bello,
895 2467 1005 2554 quodd
1026 2467 1187 2553 Flamingi

70 2552 227 2618 adversus
249 2575 358 2638 regem
379 2555 516 2620 Francia
538 2562 756 2639 susceperant,
786 2553 911 2619 fortiter
939 2551 1060 2617 ibidem
1087 2575 1107 2616 a
1131 2575 1187 2617 ens

70 2637 207 2720 interiit3
230 2636 294 2702 duo
310 2658 385 2703 vero
408 2639 594 2724 superstites
615 2638 656 2702 ad
679 2639 799 2702 curiam
822 2637 1079 2724 proficiscuntur.
1107 2575 1187 2702 gUbi

71 2745 92 2786 a
112 2721 205 2788 beate
226 2723 377 2786 memorie
398 2721 573 2788 Benedicto
601 2743 688 2808 papa
708 2721 880 2787 Heinricus
905 2722 946 2787 de
967 2721 1188 2806 Wirnenburg

72 2804 178 2893 pallii⁰
206 2806 327 2871 honore
355 2807 491 2872 donatus
520 2814 611 2888 esset,
640 2808 667 2870 si
694 2828 758 2870 non
785 2808 947 2870 inmatura
972 2817 1075 2872 morte
1100 2805 1188 2872 idem

71 2890 216 2977 pontifex
229 2901 402 2976 preventus
413 2891 535 2956 finisset.
573 2889 639 2955 Sed
654 2913 673 2954 a
688 2888 854 2956 Clemente
871 2891 982 2977 quinto
998 2912 1094 2977 papa,
1117 2910 1188 2955 suc·

75 2996 198 3040 eessore
212 2975 388 3058 Benedicti,
410 2975 581 3040 Heinricus
602 2976 638 3038 in
659 2974 858 3061 archiepisco
882 2996 938 3039 um
960 2984 1264 3039 consecratur¹1aoa

76 3061 160 3125 etin
204 3082 261 3124 ace
284 3081 357 3124 cum
380 3058 468 3146 pallii
489 3060 609 3124 honore
632 3059 811 3124 dimittitur.
856 2997 985 3139 lduanta
1006 3068 1114 3123 autem
1140 3058 1187 3122 ibi

76 3081 261 3230 expenderit
281 3143 333 3210 vel
354 3145 531 3227 donaverit,
563 3143 753 3208 exacciones
780 3144 815 3208 in
837 3141 958 3209 clerum
986 3142 1083 3230 quasl
1111 3141 1188 3207 fecit

77 3227 292 3294 demonstrant
300 3240 324 3292 δ.

155 3313 257 3398 Igitur
292 3335 352 3377 rex
383 3310 578 3378 Adelbertus
614 3311 810 3393 Iohannem,
834 3310 947 3392 ¹filium
983 3310 1090 3376 fratris
1126 3310 1187 3392 sui,

78 3395 187 3460 ducem
215 3396 400 3478 Alemanie,
433 3406 565 3483 propter
596 3395 770 3461 iuvenilem
800 3395 868 3460 eius
903 3403 1020 3461 etatem
1047 3402 1127 3481 aput
1153 3415 1188 3459 se

77 3480 202 3546 honeste
230 3481 367 3546 detinuit
394 3490 427 3546 et
476 3502 517 3545 uo
545 3479 744 3546 adolesceret
794 3479 973 3544 rovinciam
998 3479 1085 3544 illam
1113 3501 1188 3565 pru-

78 3563 274 3631 dencioribus
289 3503 533 3651 gubernandam
548 3566 717 3630 commisit.
793 3563 856 3630 nde
870 3564 1030 3629 Iohannes
1044 3563 1187 3628 irritatus

78 3658 110 3715 et
132 3649 221 3715 malis
252 3649 507 3715 consiliatoribus
534 3671 622 3732 usus,
658 3672 767 3735 regem
788 3647 1010 3732 Adelbertum,
1036 3657 1187 3734 patruum

79 3757 175 3817 suum,
207 3733 306 3798 nichil
334 3735 440 3798 minus
473 3755 526 3798 sus
550 3734 706 3816 icantem,
740 3735 842 3820 proch
872 3733 976 3798 dolor!
1017 3731 1186 3797 interfecit
1197 3761 1263 3804 1³03,

80 3819 141 3900 Qui
153 3818 305 3918 profugus
322 3828 354 3884 et
375 3817 451 3882 exul
471 3819 505 3881 in
526 3755 620 3883 ltalia
641 3819 772 3904 degens,
794 3817 923 3884 tandem
945 3816 1067 3882 ibidem
1087 3818 1187 3881 vitam

78 3903 190 3986 finiut3
224 3903 315 3967 cuius
346 3911 378 3968 et
410 3924 519 3968 omnes
551 3901 725 3989 complices
754 3901 873 3967 sfiliis
903 3900 1070 3967 Adelberti
1100 3900 1265 3984 regisrsrs.

79 3986 157 4137 ffiala
186 3996 288 4052 morte
320 3989 504 4073 consumpti
532 3996 623 4069 sunt,
655 3997 687 4053 et
713 3987 821 4051 omnia
848 3987 894 4052 eis
923 3986 1097 4053 attinencia
1117 3985 1188 4049 fun·

113 4081 160 4136 tus
181 4092 302 4138 eversa.

82 4234 104 4287 a)
119 4237 310 4278 circumlatentam
325 4247 343 4278 ο,
382 4235 406 4287 b)
423 4235 449 4276 tn
463 4236 535 4286 suppl.
575 4233 596 4288 o)
614 4234 808 4283 dthrnenbnrg
820 4238 872 4284 post
887 4232 1080 4275 transferentibus
1096 4232 1157 4273 babet
1172 4244 1191 4274 o.

82 4294 104 4348 d)
118 4306 159 4345 quo
172 4307 190 4337 c.
250 4293 272 4348 e)
290 4296 349 4346 palii
363 4306 389 4343 a,
403 4295 469 4336 mam
483 4295 554 4346 ima.
613 4293 704 4347 oquae
719 4294 824 4344 supplevi.
885 4292 909 4347 g)
926 4293 1094 4335 demonstravit
1107 4304 1126 4334 o.

86 4413 112 4481 1)
130 4411 163 4480 tf
178 4413 290 4466 Levoatt
308 4415 399 4467 chron.
418 4429 483 4466 com.
502 4413 535 4466 cle
554 4411 660 4476 Marco,
680 4428 727 4478 op.
746 4411 860 4466 Meibom
878 4411 904 4476 I,
919 4428 950 4479 p.
972 4411 1035 4463 396.
