2934 4998
46 378 247 452 cflao'nlcs
260 398 370 451 REGIA
386 398 635 452 COLONIENSIS.
657 397 760 451 CONT.
771 399 819 450 IV.
840 400 873 451 A.
886 399 966 450 1226.
978 399 1057 451 1227.
1095 400 1149 450 2b9

8 587 214 630 marcarum
236 575 268 630 et
289 575 418 630 centum
440 567 558 630 marcis
573 565 786 631 venumdatus
794 577 817 649 ³,
841 565 1025 633 Coloniensi
1047 567 1149 631 archi-

10 671 32 713 e
62 651 189 736 iscopo
210 651 402 736 assignatur.
447 650 514 731 Qui
534 651 569 714 in
589 650 669 716 festo
691 651 831 734 Martini,
862 653 1007 738 sequenti
1029 650 1212 717 sciliceta..
1222 680 1257 722 ιι.

42 757 93 816 1e,
113 756 200 799 anno
215 734 370 820 sequenti,
395 755 459 820 qua
480 755 596 820 corpus
614 733 754 800 lacerum
769 734 900 821 gloriosi
914 735 1022 800 archie
1046 737 1149 822 iscopi

10 816 187 883 Colonial
216 827 264 883 est
290 827 467 905 receptum,
496 840 657 905 quamque
683 819 768 883 idem
796 819 966 906 episcopus
994 757 1148 885 advivens

9 924 83 988 pro
123 903 228 967 forma
260 903 488 988 conpositionis
528 903 654 1051 apiendo
692 904 755 990 ipsi
790 904 980 989 prefixerat,
1017 902 1149 970 Colonia

10 996 257 1072 presentatusc
277 996 336 1069 est,
369 996 401 1050 et
421 989 522 1051 tercia
572 988 599 1052 ’e
621 988 706 1052 facta
727 988 925 1053 confessione
955 998 987 1053 et
1014 988 1149 1075 proditis
1158 1012 1215 1052 na,
1223 1013 1261 1055 rs.

12 1070 242 1156 eomplicibus
263 1070 358 1134 huius
380 1071 466 1153 facti,
488 1081 580 1137 extra
601 1093 710 1136 muros
725 1071 865 1137 civitatis
884 1073 917 1136 in
931 1080 1001 1137 rota
1015 1075 1148 1159 positus,

13 1177 130 1242 super
151 1155 313 1219 modicam
334 1155 526 1241 piramidem
555 1166 604 1221 est
625 1155 777 1221 elevatus.
820 1157 937 1221 Postea
959 1158 1148 1222 convenien-

12 1238 116 1304 tibus
155 1239 314 1326 episcopis
351 1249 382 1303 et
416 1238 578 1305 nobilibus
616 1249 715 1321 terre,
751 1239 879 1305 vasallis
913 1239 1023 1306 Sancti
1051 1242 1149 1322 Petri,

12 1322 157 1389 nobiles
190 1323 330 1409 quidam,
364 1324 419 1409 qui
449 1346 509 1409 pro
541 1323 724 1388 huiusmodi
756 1324 976 1390 interfectione
1008 1326 1150 1411 suspecti

14 1407 243 1488 habebantur,
272 1405 349 1471 licet
377 1406 555 1491 difficulter,
589 1407 630 1472 ab
658 1408 901 1496 archiepiscopo
929 1419 961 1475 et
988 1408 1150 1496 prioribus

16 1490 279 1556 Coloniensibus
294 1489 337 1555 ad
352 1493 619 1578 expurgationem
631 1492 749 1558 obiecti
765 1493 906 1558 criminis
918 1502 993 1558 sunt
1006 1493 1149 1558 admissi.

396 1596 492 1659 Anno
515 1595 648 1659 Domini
670 1595 785 1664 1227.(1

114 1678 288 1742 Heinricus
317 1700 386 1761 rex,
412 1679 496 1743 filius
518 1679 694 1744 Friderici⁰
719 1679 930 1765 imperatoris,
952 1679 1150 1832 Affinisgrani

16 1763 174 1844 veniens,
197 1759 436 1828 celeberrimam
452 1764 573 1827 curiam
588 1784 662 1827 cum
675 1762 838 1829 nobilibus
852 1765 954 1828 tocius
1021 1765 1149 1829 eutonie

17 1847 146 1912 habuit
167 1846 328 1911 dominica
343 1846 466 1912 ‘ludica
480 1850 550 1913 me'.
579 1848 666 1912 Inter
688 1869 768 1934 quos
788 1848 875 1933 preci
900 1849 934 1910 ui
956 1859 1046 1913 erant
1062 1847 1272 1913 salz-rats

18 1932 234 2016 burgensis1,
251 1930 513 2015 Mogonciensisf·
525 1944 547 2014 ²,
569 1931 802 2013 Trevirensisss,
826 1869 1024 1997 Coldniensis
1046 1932 1149 1998 archi·

20 2015 188 2114 episcopi,
209 2015 369 2096 Austrie³,
392 2016 560 2098 Bavariel,
582 2016 800 2098 Kerinthieie,
821 2015 1011 2098 Brabancie,
1032 2017 1148 2082 Lotha-

19 2102 157 2186 nngie⁵
185 2097 293 2181 duces,
321 2097 529 2184 lantgravius,
558 2099 742 2164 Ferrandus
769 2122 877 2165 comes
899 2099 1060 2185 Flandrie,
1092 2104 1148 2189 qui

45 2207 86 2250 er
109 2182 284 2248 duodecim
304 2205 405 2248 annos
427 2184 569 2249 Parisius
597 2185 632 2248 in
652 2185 838 2271 captivitate
868 2187 888 2247 a
913 2207 990 2270 rege
1011 2186 1148 2252 Francia

20 2207 178 2333 detentus
209 2268 312 2332 fuerat
343 2278 375 2333 et
402 2270 502 2354 priori
529 2291 613 2333 anno
640 2267 814 2333 absolutus.
863 2266 915 2333 Ibi
942 2270 1046 2334 eciam
1074 2292 1147 2334 con-

20 2360 188 2418 venerunt
209 2351 264 2416 alii
285 2373 381 2438 quam
402 2352 509 2438 plures
533 2354 676 2500 episcopi
697 2362 728 2418 et
742 2353 875 2418 comites
897 2363 929 2418 et
946 2354 1048 2419 tocius
1065 2354 1147 2420 Teu-

21 2438 142 2502 tonie¹¹
179 2434 311 2501 nobiles.
361 2435 426 2502 Ubi
460 2458 480 2500 a
509 2434 556 2501 Co
569 2438 691 2502 oniensi
723 2437 920 2523 archiepisco
945 2460 964 2502 o
993 2438 1147 2504 Heinrico

22 2541 114 2585 uxor
144 2521 246 2607 ipsius
275 2520 369 2606 regis,
398 2519 464 2584 filia
493 2520 584 2586 ducis
606 2521 767 2603 Austrier,
795 2519 896 2606 regali
921 2460 1147 2590 benedictione

23 2614 220 2670 consecrata
242 2613 273 2670 et
294 2615 445 2669 coronata
464 2605 499 2668 in
520 2605 596 2670 sede
617 2606 707 2691 regia
729 2604 912 2671 collocatur.

113 2688 239 2752 Eodem
261 2708 345 2752 anno
366 2688 531 2754 Honorius
559 2711 656 2788 papa,
684 2712 760 2755 cum
784 2692 822 2754 11
844 2691 937 2754 annis
966 2691 1146 2778 prefuisset,

23 2774 181 2854 moritur3
210 2773 265 2836 cui
287 2772 385 2859 Hugo
407 2773 589 2838 Hostiensrs
612 2775 784 2862 episcopus
807 2774 951 2839 succedit
971 2786 1003 2840 et
1026 2777 1147 2864 Grego-

25 2859 98 2921 rius
120 2857 313 2921 nominatur.

114 2940 191 3026 Ipso
214 2962 296 3005 anno
324 2941 360 3004 in
380 2940 433 3004 die
454 2941 556 3006 Marie
577 2941 776 3027 Magdalenae
797 2963 856 3007 rex
876 2941 1056 3027 Dacorum,
1077 2967 1199 3030 pre-rur.
1212 2972 1247 3013 n.

24 3026 192 3090 varicator
223 3024 300 3091 fidei
332 3035 363 3091 et
393 3025 564 3090 iuramenti
595 3048 655 3111 pro
687 3024 886 3091 absolutione
920 3048 978 3091 sua
1010 3030 1145 3114 prestiti,

25 3109 196 3174 vindicare
211 3118 360 3196 separat,
383 3118 414 3173 et
435 3118 599 3174 contracta
620 3111 744 3175 infinita
763 3108 975 3193 multitudine,
996 3114 1146 3176 comitem

27 3193 71 3257 de
104 3192 217 3256 Zuirin
249 3190 332 3258 bello
370 3190 509 3258 lacescit.
566 3193 598 3258 A
630 3216 694 3280 quo
725 3193 883 3260 adiutorio
915 3194 1146 3281 archiepiscopi

27 3277 237 3342 Bremensis'
261 3287 293 3341 et
313 3276 403 3340 ducis
414 3277 540 3343 Alberti
555 3277 595 3342 de
611 3278 754 3343 Saxonis
772 3277 858 3343 idern
873 3299 931 3341 rex
946 3289 1114 3364 superatus
1123 3291 1145 3363 ⁸,

27 3384 89 3460 per
109 3360 219 3447 fugam
233 3361 291 3425 vix
311 3360 427 3445 evadit,
449 3384 491 3426 ex
512 3372 603 3447 parte
625 3383 684 3426 sua
706 3370 842 3448 quatuor
862 3360 991 3426 milibus
1005 3364 1147 3428 virorum

28 3455 166 3510 mterem
190 3446 241 3509 tis.

116 3467 192 3616 Ipsi>
219 3530 316 3594 etiam
344 3551 426 3592 anno
456 3527 547 3595 Otto¹
577 3531 684 3616 episco
709 3552 747 3594 us
768 3529 982 3596 Traiectensis
1011 3529 1146 3598 electam

29 3611 182 3677 miliciam
202 3624 385 3698 congregat,
407 3624 546 3677 castrum
561 3553 736 3679 Kuvorde⁹
759 3625 1002 3701 expugnaturus
1016 3626 1148 3703 propter

30 3695 237 3763 rebellionem
259 3697 404 3762 eiusdem
430 3699 527 3763 castri
548 3700 750 3785 possessoris,
780 3698 836 3785 qui
864 3700 894 3763 ci
915 3700 983 3764 iure
1004 3699 1147 3786 homagii

32 3933 56 3986 a)
72 3935 219 3976 venundatur
235 3934 276 3977 01.
335 3932 360 3986 b)
376 3935 450 3976 coloss
467 3936 517 3986 Blt
534 3935 631 3977 Colonia
646 3947 703 3976 corr.
715 3934 814 3975 colonia
827 3935 868 3976 02.
930 3932 951 3985 c)
966 3939 1147 3984 presentatus-

33 3995 94 4034 tsota
108 3993 214 4034 saca.
267 3990 648 4044 d)121‘1.1›ostcorr.1227.02.
699 3992 805 4045 chred.
823 3994 864 4036 02.
917 3990 1146 4044 onerantem.

34 4051 168 4103 3)'1¹raver.
191 4053 235 4094 01.
324 4050 349 4103 h)
370 4053 493 4094 Banwsrte
517 4054 589 4098 (71.2.
676 4051 694 4106 i)
718 4053 847 4094 Karnnthie
869 4063 926 4093 corr.
949 4053 1073 4094 Karinthis
1096 4055 1146 4097 Bl.

33 4110 58 4162 k)
73 4111 154 4152 Thent
172 4113 245 4152 (11.2.
305 4108 323 4161 Ι)
340 4112 397 4152 deest
412 4112 454 4154 01.

38 4277 65 4346 1)
83 4280 267 4332 Eberhardus.
343 4279 372 4345 2)
391 4279 549 4348 Sipisridas.
624 4279 654 4347 3)
667 4280 837 4347 Liutpoldns.
911 4277 942 4345 4)
959 4279 1144 4334 Bernhardas.

35 4353 63 4418 b)
81 4353 226 4421 asperioris
238 4353 390 4407 Mothoeus.
456 4353 485 4422 6)
499 4354 679 4423 Maryorctlra.
740 4353 768 4421 7)
783 4350 924 4406 Gordordi.
981 4351 1011 4421 8)
1025 4354 1079 4406 Iul.
1100 4356 1145 4406 22.

37 4427 109 4492 opud
127 4427 310 4480 Borolrooedo.
387 4425 416 4493 9)
437 4425 574 4481 Oooocrdc.

851 4511 914 4576 17*
