2944 5002
290 369 446 420 MARTINI
466 367 713 422 CONTINUATIO
733 367 986 424 cotonmrssm.
1142 372 1196 425 369

56 535 175 604 dione
191 536 380 603 circumdat.
418 539 484 602 At⁸
499 537 759 624 archiepiscopus
781 547 813 603 et
834 538 971 625 predicti
984 538 1107 608 nobiles
1121 561 1196 607 oum
1206 564 1274 608 nse.

57 622 195 687 maiori
209 623 353 687 exercitu
367 622 541 688 electorum
557 624 829 709 supervenientes,
846 622 962 688 ducem
977 632 1009 690 et
1025 645 1099 690 suos
1113 624 1195 692 fero·

59 707 158 772 citer
177 705 343 790 invadunt,
365 715 398 772 et
417 707 473 772 diu
486 728 606 794 anceps
621 729 732 794 pugna
752 707 821 772 fuit.
865 708 1011 774 Tandem
1032 709 1100 774 dux
1121 732 1196 776 cum

60 791 223 856 maxima
257 789 346 856 clade
378 811 508 856 suorum
548 801 680 856 cruenta
709 792 845 856 victoria
877 793 997 878 potitus
1030 802 1086 861 est.
1144 795 1197 859 Ibi

61 873 252 941 Heinricus
274 896 382 941 comes
404 876 445 941 de
466 873 691 956 Luzlinburch,
715 886 806 962 pater
827 876 901 942 dive
922 878 1075 944 memorie
1096 877 1197 944 Hein-

64 959 148 1040 rici,
170 969 283 1046 postea
304 961 516 1046 imperatoris,
537 969 569 1024 et
590 961 659 1025 eius
680 960 779 1025 frater
792 960 976 1027 Walramus
997 963 1195 1028 interierunt.

65 1043 252 1110 Heinricus
279 1045 382 1111 eciam
404 1045 444 1109 de
459 1043 681 1130 Westerburg,
710 1045 809 1110 frater
832 1044 1076 1133 archiepiscopi,
1105 1047 1196 1113 miles

67 1151 92 1193 e
138 1130 240 1215 egius,
274 1131 328 1216 qui
350 1129 474 1195 fortiter
501 1129 547 1194 ibi
575 1128 690 1194 fecisse
711 1141 845 1196 vocatus
878 1139 936 1212 est,
969 1129 1130 1214 occubuit,
1164 1142 1196 1198 et

67 1234 95 1298 p
110 1235 150 1277 us
163 1235 259 1300 quam
270 1212 356 1278 mille
366 1213 511 1278 homines
525 1213 647 1278 ibidem
660 1212 814 1281 cecidisse
829 1224 1054 1281 memorantur.
1078 1215 1196 1282 (lomes

70 1297 185 1361 eciam
208 1296 412 1363 Gelrhensisb
434 1296 621 1384 Reynoldus
649 1320 668 1361 a
695 1297 777 1364 duce
799 1298 942 1365 Iohanne
972 1301 1120 1386 captivus
1141 1301 1197 1367 ab·

70 1380 218 1466 ducitur,
249 1381 511 1470 archiepiscopus
532 1403 610 1447 vero
634 1381 813 1468 Sigefridus
835 1405 855 1448 a
877 1384 993 1450 comite
1014 1384 1133 1450 Adolfo
1156 1385 1197 1452 de

70 1465 190 1532 Monte
216 1465 259 1530 ad
282 1466 413 1531 vincula
441 1467 598 1532 conicitur
606 1478 628 1550 ⁰,
658 1477 691 1532 et
717 1466 853 1534 ecclesia
875 1467 1076 1534 Coloniensis
1103 1468 1198 1536 vehe-

72 1561 206 1616 menter
218 1550 415 1616 humiliatur.
436 1551 521 1616 Nam
536 1573 644 1617 comes
655 1549 842 1617 Iuliacensis
855 1551 1039 1618 Walramus
1055 1564 1197 1620 castrum

72 1635 285 1722 Tulpetuml,
315 1637 402 1723 quod
428 1634 679 1722 inexpugnabile
706 1636 885 1718 videbatur,
914 1636 982 1703 solo
1009 1648 1123 1704 tenus⁰
1144 1639 1197 1704 de-

72 1720 207 1803 struxit,
229 1730 262 1785 et
275 1720 480 1786 Everhardus
499 1742 605 1786 comes
626 1720 667 1786 de
681 1720 799 1785 Marka
812 1721 913 1786 multa
935 1721 1032 1809 opida
1046 1731 1078 1788 et
1092 1733 1197 1788 carba

73 1805 113 1868 in
128 1804 250 1870 ducatu
260 1805 427 1871 Westfalie
446 1805 636 1871 devastavit.
679 1804 839 1870 Dominus
854 1816 961 1872 autem
975 1829 1061 1894 papa
1077 1807 1197 1886 ordinis

73 1889 253 1973 Minorum,
275 1901 449 1976 comperto,
473 1889 560 1976 quod
583 1888 789 1955 Colonienses
811 1891 950 1956 fautores
973 1902 1005 1957 et
1034 1890 1197 1956 adiutores

73 1977 113 2040 in
140 1974 358 2040 deieocionem
379 1973 615 2060 archiepiscopi
635 1974 771 2054 fuerant,
800 1973 967 2040 Coloniam
993 1998 1052 2063 per
1076 1975 1198 2062 aliquot

74 2081 182 2125 annos
210 2059 319 2145 posuit
351 2057 410 2124 sub
443 2058 631 2140 interdict03
668 2069 701 2124 at
732 2057 778 2123 illi
809 2057 950 2125 indurati
982 2061 1196 2126 mercenarios

74 2144 273 2295 coprlipcunt
303 2145 359 2230 qui
381 2145 426 2208 eis
449 2152 559 2209 contra
585 2141 815 2209 inhibicionem
837 2143 957 2208 domini
978 2167 1062 2231 pape
1084 2145 1197 2210 divina

75 2250 149 2294 cce
172 2237 290 2292 rarent.

163 2314 339 2400 Postquam
375 2321 481 2377 autem
517 2333 576 2376 rex
610 2309 766 2376 Rudolfus
810 2313 901 2376 annis
945 2312 1045 2378 ferme
1080 2313 1196 2398 viginti

76 2407 230 2544 strenlpue
262 2419 397 2482 regnum
429 2396 694 2479 administrasset,
727 2396 807 2462 obiit
838 2406 871 2462 et
898 2394 992 2483 Spire
1020 2396 1196 2462 honorifice
1209 2416 1273 2462 mor.

78 2505 115 2548 se
142 2482 244 2547 c'tur.

117 2507 139 2570 p
164 2565 259 2630 Anno
277 2565 411 2630 Domini
436 2565 526 2646 1294,
548 2563 647 2629 Urbis
667 2586 744 2631 vero
767 2564 895 2630 condite
917 2566 1010 2648 2132,
1033 2567 1274 2652 principesnos.

80 2651 256 2718 Germania
290 2650 324 2713 in
357 2648 518 2714 eleccione
543 2649 628 2733 regis
662 2649 907 2731 concordantes,
933 2649 1089 2715 Adolfum
1122 2651 1197 2716 insi·

79 2757 178 2821 grem
207 2735 357 2800 comitem
386 2733 427 2798 de
447 2732 621 2798 Nassauwe
644 2732 825 2819 elegerunt;
859 2736 914 2821 qui
942 2745 974 2800 et
995 2757 1015 2798 a
1036 2734 1198 2820 Sigehido

80 2818 327 2906 archiepiscopo
355 2817 538 2884 Coloniensi
560 2818 758 2903 Aquisgrani
785 2828 991 2884 consecratus
1018 2820 1053 2883 in
1079 2841 1199 2905 regem,

80 2905 229 2990 regnavit
264 2904 472 2988 nonagesimo
508 2902 612 2987 primo
645 2899 714 2968 loco
746 2901 788 2967 ab
820 2901 979 2989 Augusto.
1029 2903 1093 2968 Hic
1125 2913 1199 2990 post

79 2988 364 3054 confirmacionem
386 3008 478 3052 suam
499 2986 633 3050 audiam
655 2985 779 3074 aliquas
803 2987 948 3052 civitates
970 2985 1101 3052 Alsacie
1122 3010 1142 3051 a
1163 3009 1198 3052 se

79 3073 257 3139 discedisse
266 3072 287 3155 f,
314 3072 559 3158 expedicionem
580 3068 656 3135 illuc
677 3071 807 3135 induxit
828 3081 859 3136 et
879 3069 1075 3156 Sigefridum
1097 3071 1199 3135 archi·
1210 3086 1275 3128 1998-

80 3159 271 3244 ciscopum
301 3156 526 3222 Coloniensem
555 3155 590 3218 in
616 3153 753 3220 eundem
785 3156 986 3241 procinctum
1018 3155 1199 3220 invitavit1.
1228 3222 1230 3225 ,

82 3180 183 3310 tirius
215 3241 349 3306 consilio
377 3251 409 3306 et
437 3239 558 3304 auxilio
594 3239 738 3305 civitates
764 3238 906 3325 perditas
934 3240 1135 3325 recuperavit
1167 3250 1199 3306 et

79 3329 207 3415 aliquos
228 3325 349 3392 ibidem
370 3324 432 3390 sibi
453 3322 588 3390 rebelles
609 3324 753 3410 captivos
774 3322 850 3390 inde
871 3322 1017 3389 abduxit.

165 3411 272 3476 Huius
287 3411 390 3476 eciam
404 3419 548 3495 tempore
562 3409 761 3474 recrudescit
774 3407 893 3474 bellum
915 3408 999 3473 inter
1012 3406 1098 3473 Phili
1121 3428 1200 3493 pum

81 3518 192 3582 regem
206 3494 343 3561 Francis
364 3505 395 3560 et
409 3493 605 3558 Edwardum
622 3515 732 3578 regem
746 3491 879 3576 Anglie3
902 3493 987 3558 unde
1009 3515 1067 3557 rex
1136 3490 1199 3576 glic

81 3581 207 3667 aliquos
228 3581 332 3666 princi
357 3601 391 3644 es
413 3578 456 3643 ad
476 3576 687 3643 resistendum
708 3578 777 3726 roffi
799 3577 935 3643 Fbancie
957 3599 1052 3663 prece
1073 3585 1105 3642 et
1126 3599 1197 3676 pre·

83 3667 133 3732 cio
160 3663 223 3730 sibi
249 3602 398 3729 conciliat
423 3663 637 3748 comitemque
659 3661 742 3726 Flan
764 3663 810 3726 rie
818 3673 841 3744 ²,
863 3672 900 3727 ut
921 3660 1008 3727 idem
1031 3683 1104 3725 cum
1125 3683 1196 3747 ipso

81 3751 212 3831 senciat,
240 3749 363 3813 invitat.
408 3746 473 3812 Sed
495 3746 689 3833 quibusdam
709 3768 730 3810 a
751 3745 814 3811 fide
835 3745 1067 3826 deficientibus,
1090 3767 1197 3812 comcs

83 3833 232 3900 Flandrie
254 3854 363 3932 arege
378 3831 515 3897 Francis
538 3833 685 3919 captivus
707 3830 887 3912 abducitur,
910 3839 943 3897 ct
964 3839 1030 3896 tota
1043 3828 1198 3895 Flandria

82 3917 226 3985 eiusdem
254 3916 394 3981 domrnio
422 3916 633 4001 mancipatur.
682 3914 777 3980 Unde
804 3922 835 3980 et
861 3923 1084 4002 procuratores
1111 3915 1197 4000 regis

84 4005 218 4069 Francis
239 4024 298 4088 per
313 4010 413 4067 totam
428 3999 613 4065 Flandriam
627 3997 724 4087 paulo
745 3997 940 4064 insolencius
955 4020 1061 4085 agere,
1083 3998 1196 4065 domos

83 4153 157 4266 ppAc
172 4151 202 4206 (l)
218 4163 237 4193 c.
274 4149 298 4204 b)
316 4150 455 4193 Gelrhendls
470 4161 487 4190 e.
533 4148 555 4203 c)
571 4151 700 4192 convicitur
717 4161 735 4191 c.
773 4147 797 4202 d)
814 4148 970 4200 (turparunt.
1008 4145 1030 4200 e)
1047 4149 1165 4190 solotenus
1180 4159 1199 4188 c.

118 4215 150 4254 tta
165 4224 184 4253 e.
955 4227 961 4238 .

89 4310 116 4377 1)
134 4307 255 4377 uilfridus
278 4307 350 4360 tectis
376 4305 491 4359 occurrit
514 4306 544 4358 ic
567 4305 661 4358 charta
679 4303 767 4370 Adolfi
791 4304 860 4372 rapis
886 4303 953 4356 dato
979 4309 1041 4355 onte
1061 4299 1202 4355 Columbo-

88 4386 163 4449 ricm,
187 4380 241 4435 Oct.
262 4381 307 4433 24.
345 4380 468 4444 Bbhmer,
489 4379 554 4448 1209.
573 4379 636 4446 imp.
655 4395 698 4432 or.
719 4379 781 4431 165.
856 4375 886 4446 2)
908 4373 1065 4430 Gnidoncm.
