2924 5006
223 368 229 378 ’
250 375 304 424 222
356 371 543 425 cusonlcs
562 371 676 424 susm
696 370 952 423 COLONIENSIS.
973 370 1076 424 CONT.
1090 370 1143 425 111.
1163 373 1197 424 A.
1212 372 1292 424 1205.

624 544 794 596 Bcceasio
816 543 839 596 I.
858 545 951 597 codd.
973 543 1000 595 0.

251 640 393 697 castrum
414 631 424 692 i
450 631 494 693 sis
517 628 700 713 oppositum
714 669 756 682 ψ-
771 630 930 714 sagittarii
953 629 1094 694 enimin
1115 630 1212 694 domo
1234 629 1377 716 predicti

252 715 377 780 comitis
395 652 504 778 Adolfi
526 712 689 776 constituti
712 724 805 776 eum⁸
827 737 862 778 se
889 717 937 779 ius
959 715 1083 800 sagittis
1106 715 1172 779 suis
1195 736 1250 779 eos
1273 715 1377 800 impe-

250 809 354 865 terent
368 809 401 863 et
422 796 592 862 maledicta
613 806 645 860 et
666 798 814 860 convicia
839 737 980 896 plhn'ma
1000 798 1188 884 proferrent,
1210 839 1253 848 —
1274 820 1377 862 naves

251 884 411 948 maximas
443 904 518 964 pum
550 881 802 966 propugnaculis
838 905 872 945 m
905 882 1011 946 medio
1041 883 1131 947 Reno
1165 893 1311 948 statuunt
1344 891 1378 948 et

251 966 432 1032 balistarios
455 977 487 1031 et
508 964 699 1045 sariantosl,
722 967 779 1050 qui
799 963 862 1029 illis
883 966 917 1028 in
938 966 1054 1031 faciem
1076 966 1200 1031 fortiter
1213 967 1377 1048 resistant,

251 1051 407 1138 plurimos
439 1049 647 1116 constituunt.
699 1048 805 1112 Naves
838 1050 934 1114 etiam
970 1049 1050 1115 alias
1082 1052 1278 1133 instaurant,
1317 1073 1378 1136 per

253 1158 332 1221 quas
354 1135 462 1220 sepius
485 1132 659 1197 transvecti
686 1132 823 1198 cundem
845 1136 995 1200 comitem
1018 1146 1050 1200 et
1071 1156 1146 1198 suos
1174 1136 1377 1220 inpugnant,

251 1219 343 1284 villas
367 1240 430 1304 quo
455 1241 495 1282 ue
523 1238 621 1301 super
646 1214 722 1280 litus
743 1218 826 1282 Reni
847 1220 925 1283 sitas
946 1218 1010 1304 ipsi
1030 1218 1176 1284 subditas
1197 1219 1322 1304 rapinis
1344 1229 1379 1285 et

252 1303 401 1367 incendio
432 1239 616 1381 devastant3
650 1310 682 1365 et
715 1303 762 1364 sio
794 1323 853 1386 per
881 1324 1001 1366 annum
1031 1313 1063 1368 et
1091 1302 1260 1367 dimidium
1283 1303 1377 1367 vario

253 1397 370 1452 eventu
392 1385 487 1450 simul
510 1383 686 1468 confligunt
707 1395 740 1449 et
760 1384 944 1452 dimicantc.

150 1497 207 1547 sar.
220 1498 242 1538 s.
336 1472 414 1534 Post
442 1469 641 1534 nativitatem
676 1491 753 1532 vero
790 1469 903 1535 beatae
938 1470 1060 1535 Mariae
1092 1469 1261 1557 Philippus
1296 1493 1377 1553 rex,

254 1555 399 1618 maximo
422 1553 566 1618 exercitu
588 1562 793 1637 congregato,
815 1553 983 1618 Mosellam
1006 1556 1161 1634 transivit,
1184 1557 1269 1620 etin
1291 1555 1377 1619 festo

138 1639 356 1709 separasancti
383 1635 551 1702 Michaelis
588 1635 774 1721 archangeli
795 1647 869 1702 ante
902 1639 1008 1703 menia
1046 1639 1184 1704 civitatis
1218 1637 1378 1705 Coloniae

140 1737 198 1787 ειμι·
207 1737 244 1780 ³⁰·
253 1723 394 1804 veniens,
428 1743 498 1786 eam
521 1723 713 1806 impugnare
735 1722 831 1807 cepit.
876 1724 1029 1808 Sequenti
1051 1745 1129 1788 vero
1151 1723 1203 1787 die
1225 1725 1258 1786 in
1280 1745 1378 1808 supe-

253 1808 330 1871 riori
351 1814 443 1892 parte
472 1805 609 1870 civitatis
638 1807 775 1870 tentoria
804 1828 862 1870 sna
882 1807 954 1891 figit
988 1817 1020 1872 et
1046 1817 1113 1872 tota
1142 1806 1194 1871 die
1219 1805 1274 1870 illa
1301 1828 1378 1871 eam

252 1892 422 1976 impugnat
450 1900 482 1954 et
513 1889 647 1974 impetit.
701 1890 763 1952 His
795 1899 902 1954 autem
934 1892 989 1978 qui
1018 1893 1103 1956 intus
1133 1901 1222 1956 erant
1248 1890 1380 1956 fortiter

251 1973 504 2062 repugnantibus
526 1985 557 2038 et
571 1973 764 2037 adversariis
783 1973 915 2039 viriliter
935 1975 1165 2058 resistentibus,
1180 1974 1253 2038 Deo
1277 1975 1378 2038 etiam

251 2083 312 2146 per
333 2060 447 2124 merita
478 2067 672 2137 sanctorum,
701 2079 837 2145 quorum
865 2079 1001 2144 corpora
1026 2060 1060 2123 in
1089 2082 1128 2124 ea
1154 2061 1377 2146 requiescunt,

252 2147 358 2231 ipsam
385 2150 582 2228 protegente,
604 2140 704 2205 nichil
730 2141 775 2206 ibi
802 2140 962 2207 laudabile
989 2145 1099 2229 gessit,
1130 2143 1186 2208 sed
1214 2165 1288 2207 cum
1314 2165 1378 2228 per

253 2231 274 2293 h
292 2229 360 2292 dies
383 2247 454 2291 eam
475 2227 654 2311 impetisset
675 2235 707 2290 et
730 2228 907 2290 maximum
929 2227 1107 2314 dampnum
1129 2249 1259 2292 suorum
1281 2248 1376 2293 acce-

252 2313 362 2399 pisset,
397 2320 463 2374 tam
492 2311 526 2373 in
558 2311 706 2396 captione
740 2333 836 2396 quarn
865 2313 899 2374 in
933 2313 1114 2376 occisionel
1149 2311 1307 2375 nobilium
1342 2321 1378 2376 et

252 2397 393 2462 maxime
415 2415 581 2482 equorum,
612 2416 748 2480 quorum
775 2395 918 2459 maxima
940 2394 1110 2461 multitudo
1137 2396 1184 2460 ibi
1212 2404 1377 2481 prostrata

251 2480 323 2562 fuit,
351 2477 462 2543 relicta
484 2477 651 2542 obsidione
673 2477 795 2543 recedit
823 2488 950 2543 etcum
976 2482 1126 2546 universo
1156 2481 1300 2544 exercitu
1330 2478 1376 2543 ad

253 2561 504 2649 expugnandam
526 2562 659 2625 Nusiam
682 2563 837 2648 procedit.
883 2565 988 2644 Quam
1017 2587 1092 2629 cum
1119 2565 1238 2630 acriter
1266 2565 1374 2649 impu-

252 2658 376 2732 gnaret,
398 2643 445 2709 illi
459 2644 499 2709 de
515 2648 581 2709 suis
596 2644 718 2710 viribus
734 2647 924 2730 diffidentes,
946 2648 979 2712 in
995 2648 1190 2713 deditionem
1204 2657 1374 2730 venerunt,

253 2732 417 2795 civitatem
443 2730 512 2794 eius
539 2739 690 2814 precepto
712 2729 831 2795 Adolfo
858 2733 1011 2818 episcopo
1033 2733 1235 2798 tradiderunt
1263 2742 1296 2796 et
1317 2730 1375 2795 ob

253 2813 377 2880 sidibus
408 2813 438 2877 ei
466 2812 550 2878 datis
584 2815 703 2879 servire
735 2815 983 2901 promiserunt¹.
1026 2816 1100 2881 Hiis
1122 2817 1234 2902 gestis,
1270 2823 1374 2880 totam

252 2908 369 2964 terram
390 2895 479 2961 illam
500 2898 742 2980 concremando,
765 2898 946 2984 diripiendo
968 2903 1150 2987 pertransit,
1179 2910 1212 2966 et
1233 2899 1318 2963 sicut
1340 2900 1374 2963 in

617 3078 782 3131 Reccusio
801 3081 844 3134 ΙΙ.
864 3082 959 3133 codd.
978 3081 1011 3132 B.

340 3172 406 3222 Post
425 3172 592 3222 nativitatem
612 3188 675 3221 vero
696 3172 775 3222 beate
787 3175 873 3223 Maria
887 3173 1033 3240 Phylippus
1046 3189 1102 3234 rex,
1122 3175 1238 3224 maximo
1252 3175 1375 3226 exercitu

256 3251 428 3311 congregato,
446 3244 587 3296 Mosellam
606 3246 737 3308 transivit,
757 3251 784 3296 et
798 3246 827 3295 in
845 3246 914 3297 festo
933 3247 1020 3298 sancti
1032 3246 1201 3312 Mychahelis
1215 3247 1374 3313 archangeli

256 3324 319 3369 ante
338 3319 426 3368 menia
447 3319 562 3368 civitatis
583 3317 694 3368 colonie
720 3321 841 3382 veniens,
867 3335 926 3370 eam
946 3323 1094 3386 inpugnare
1120 3322 1201 3387 cepit.
1241 3319 1373 3386 Sequenti

255 3407 319 3444 vero
344 3391 386 3460 die
412 3392 440 3440 in
464 3393 593 3461 superiori
613 3399 688 3456 parte
708 3393 824 3443 civitatis
843 3395 960 3444 tentoria
978 3410 1026 3444 sua
1045 3391 1112 3457 figit,
1138 3400 1165 3443 et
1182 3399 1240 3444 tota
1260 3395 1304 3444 die
1325 3395 1373 3445 illa

255 3481 314 3516 eam
333 3466 520 3529 impugnaret
548 3466 660 3530 impetit.
698 3465 749 3516 His
768 3472 857 3516 autem
887 3468 934 3532 qui
956 3468 1047 3516 intus⁰
1067 3473 1143 3517 erant
1165 3467 1269 3517 fortiter
1294 3483 1373 3533 repu-

254 3537 397 3604 gnantibus
418 3542 445 3587 et
463 3537 623 3588 adversariis
634 3536 746 3588 viriliter
765 3541 963 3600 resistentibus,
987 3555 1046 3589 cum
1066 3556 1114 3606 per
1133 3542 1149 3588 5
1167 3540 1224 3610 dies
1244 3555 1304 3590 eam
1323 3543 1372 3592 im·

254 3617 359 3677 peteret
390 3614 424 3660 et
455 3609 570 3661 nichil
601 3610 812 3676 proficeret,
846 3615 895 3665 sed
928 3614 1070 3664 maximnm
1096 3613 1240 3680 dampnum
1264 3629 1372 3665 suornm

253 3685 383 3752 precipue
403 3698 529 3748 equorum
553 3683 653 3733 ibidem
680 3687 824 3751 acciperet,
850 3686 946 3737 relicta
970 3685 1110 3737 obsidione
1134 3686 1239 3736 recedit
1264 3693 1372 3738 etcum

255 3758 381 3808 universo
414 3757 532 3807 exercitu
565 3756 599 3805 ad
631 3758 835 3822 expugnandam
866 3759 977 3811 Nusiam
1009 3759 1142 3824 procedit.
1191 3760 1278 3820 Quam
1311 3775 1372 3812 cnm

255 3831 353 3882 acriter
370 3830 551 3896 impugnaret,
564 3829 605 3880 illi
625 3829 658 3878 de
678 3832 777 3882 viribus
797 3833 851 3882 suis
871 3832 1032 3895 diffidentes,
1051 3833 1079 3882 in
1100 3831 1269 3883 dedicionem
1288 3849 1372 3884 vene-

254 3909 323 3966 runt,
353 3904 489 3954 civitatem
510 3905 567 3953 eius
586 3909 713 3968 precepto
732 3904 830 3955 adolfo
851 3907 978 3972 episcopo
998 3905 1166 3956 tradiderunt
1185 3912 1211 3957 et
1230 3906 1370 3958 obsidibus

255 3979 281 4028 ei
307 3976 378 4027 datis
396 3977 496 4027 servire
514 3978 700 4042 promiserunt.
738 3979 789 4028 His
814 3980 906 4043 gestis,
931 3985 1015 4030 totam
1041 3984 1139 4030 terram
1164 3981 1370 4042 concremando,

256 4048 432 4112 devastando,
451 4050 641 4115 pertransiens,
662 4050 811 4102 recedit.

255 4191 278 4244 a)
295 4195 351 4233 dms
367 4195 409 4233 01.
471 4193 494 4244 b)
511 4195 624 4234 sarlantee
642 4197 685 4236 01.
748 4193 769 4245 e)
785 4197 883 4246 seqaaar
903 4196 983 4248 effigies
1002 4197 1098 4247 Philippi
1117 4197 1180 4249 repis,
1202 4197 1258 4236 huuc
1276 4197 1369 4247 merip-

254 4253 333 4292 tionem
345 4263 402 4302 proc
417 4253 536 4302 asserem:
551 4254 712 4296 PHILIPPUS
728 4256 789 4295 REX
800 4256 843 4297 02.
875 4253 898 4306 d)
917 4256 1091 4301 occasionem.
1123 4254 1195 4307 elint‘
1212 4253 1370 4308 (interum.

257 4383 286 4450 1)
308 4381 347 4449 ΟΥ.
368 4383 440 4435 Oont.
461 4383 501 4447 ΙΙ,
520 4401 604 4450 supro
620 4403 649 4451 p.
673 4386 733 4437 178.
