2942 4998
292 391 312 440 2
557 381 745 436 cnsomcs
763 381 875 434 REGIA
896 375 1144 436 conosmttsls.

371 561 457 627 Igitur
482 559 575 622 Ninus,
603 557 663 609 Beli
688 557 767 620 filius,
795 558 946 608 universam
964 558 1064 622 Asiam,
1089 571 1141 622 qua
1165 556 1253 607 tocius
1279 557 1351 608 orbis
1378 557 1418 608 ad

296 651 435 686 numerum
453 633 573 700 parcium
591 630 677 683 tercia
696 630 792 681 dicitur
810 657 846 666 —
866 658 900 667 -
919 631 1083 693 Semiramis,
1102 644 1168 680 uxor
1192 631 1257 692 eius,
1283 646 1418 696 aggressa

299 716 340 761 est
358 707 484 761 bellando
503 721 542 756 ac
562 705 754 771 superavit.
791 702 903 771 Acycrt.
933 703 974 754 De
994 701 1049 754 etv.
1068 702 1122 755 Dei
1139 701 1251 766 XVIII,
1271 703 1298 754 2.

371 781 468 832 Finit
485 780 593 846 prima
611 783 711 829 aetas
730 777 859 827 habens
878 791 982 828 annos
1001 776 1082 827 5242.

371 855 429 924 Noe
454 853 495 904 vir
519 853 604 902 iustus
628 853 658 901 in
682 851 899 916 generationibus
924 850 979 902 suis
1004 855 1067 902 aute
1087 849 1215 901 diluvium
1240 850 1334 917 genuit
1358 855 1418 902 tres

299 929 377 992 filios,
397 927 468 990 Sem,
489 925 574 975 (iham
593 929 620 975 et
638 924 745 991 laphet.

373 1001 444 1063 Sem,
463 997 533 1050 filius
552 999 610 1067 Noe
632 1022 663 1034 ·
686 1023 719 1034 —
740 996 860 1047 condidit
876 996 1064 1062 Babyloniam.
1101 995 1188 1048 Beda.

374 1081 401 1125 et
418 1074 572 1123 Zoroastres
591 1071 724 1136 magicam
744 1075 828 1120 artem
847 1072 953 1137 reperit.
992 1067 1032 1136 ty.
1050 1067 1128 1121 Hier.

374 1149 459 1209 Quem
473 1145 599 1196 occidens
611 1143 695 1211 Ninus
709 1171 741 1180 —
757 1169 790 1180 -·
806 1149 882 1195 cocto
895 1143 980 1194 latere
995 1141 1179 1194 circumdedit.
1209 1140 1303 1194 Iastia.
1315 1141 1338 1206 I,
1350 1142 1377 1194 1.
1390 1145 1418 1194 2.

372 1222 433 1272 Hec
453 1219 540 1284 campi
559 1217 676 1284 planicie
696 1245 731 1254 —
752 1242 782 1252 -
804 1217 948 1284 quadrigas
968 1218 1048 1283 capit.
1089 1214 1163 1266 Oros.
1180 1213 1222 1279 II,
1242 1217 1267 1267 6.

376 1293 528 1346 Semiramis
548 1295 637 1341 autem
657 1317 691 1326 —
712 1317 745 1328 -
764 1291 842 1341 turba
862 1292 1008 1341 consenuit.
1047 1287 1141 1342 Iastia.
1161 1288 1186 1352 Ι,
1207 1290 1233 1339 2.

374 1367 471 1417 Finit
489 1364 642 1416 secunda
662 1370 734 1414 etas
753 1364 881 1415 habens
901 1379 1006 1414 annos
1031 1363 1093 1416 942.

375 1440 510 1491 Abraham
530 1453 599 1488 anno
621 1438 681 1488 100.
702 1439 795 1502 genuit
813 1439 900 1488 Ysasc
921 1464 954 1479 -
974 1461 1009 1472 -
1029 1435 1158 1488 conditur.
1195 1436 1282 1487 Beda.

375 1513 474 1580 Ioseph
493 1511 528 1561 tt
548 1526 675 1562 annorum
696 1537 729 1548 —-
750 1537 783 1547 -
803 1511 926 1576 princeps
945 1512 1030 1561 tocius
1048 1516 1118 1561 terre
1138 1511 1315 1561 constituitur.

376 1587 416 1637 lio
426 1591 545 1651 tempore
554 1584 768 1635 Prometheus-
777 1611 810 1621 -
817 1583 960 1650 ampliasse
969 1583 1167 1649 agriculturam.
1180 1582 1251 1634 Patr.
1259 1581 1358 1646 oomJ,
1369 1583 1419 1636 86.

375 1659 463 1725 Igitur
475 1664 576 1708 mortuo
590 1659 688 1724 loseph
701 1683 734 1693 —
751 1685 783 1693 -
797 1663 871 1708 tanto
885 1659 970 1723 magis
980 1656 1233 1724 multiplicabantur.
1260 1655 1326 1707 ibid.
1337 1655 1379 1719 II,
1392 1659 1418 1709 2.

375 1732 477 1784 Videns
491 1747 554 1798 ergo
566 1732 670 1782 Pharao
683 1758 720 1768 -
735 1758 769 1768 -
783 1733 886 1797 punivit
899 1733 973 1782 Deus
986 1733 1014 1780 in
1027 1745 1114 1780 errore
1127 1729 1251 1782 fluminis.
1282 1729 1346 1781 ibid.
1356 1746 1379 1781 c.
1391 1733 1417 1781 4.

376 1807 530 1858 servierunt
549 1821 612 1871 ergo
626 1805 727 1855 Hebrei
740 1806 768 1855 in
780 1806 889 1871 Egypto
905 1831 936 1840 -
953 1829 985 1840 -
999 1805 1117 1855 iunxisse
1129 1803 1256 1856 feruntur.
1287 1801 1416 1868 chiffrer.

376 1880 474 1930 Finit
492 1881 601 1931 tercia
621 1885 694 1930 etas
713 1877 842 1929 habens
862 1893 966 1929 annos
986 1878 1048 1928 943.

375 1955 483 2018 Moyses
501 1954 578 2002 annis
597 1953 637 2002 40·
654 1979 684 1988 -
707 1978 740 1988 -
761 1950 886 2003 Othoniel
904 1950 1001 2017 prefuit
1020 1951 1096 2001 annis
1114 1950 1158 2000 40.
1198 1947 1237 2015 (J.
1256 1949 1343 2001 Beda.

376 2027 507 2092 Tempore
532 2026 610 2076 huius
629 2023 778 2076 Othonielis
804 2025 905 2089 egressi
928 2031 990 2076 sunt
1015 2039 1048 2074 ex
1073 2022 1188 2089 quadam
1216 2029 1292 2091 parte
1318 2025 1418 2076 Grecis

305 2100 356 2150 duo
376 2099 471 2150 iratres
486 2097 612 2150 cathmus
633 2103 659 2147 et
672 2098 783 2160 Phenix,
804 2103 831 2148 et
844 2096 970 2149 Cathmus
991 2097 1112 2147 condidit
1124 2096 1231 2147 Thebas
1248 2103 1275 2146 et
1293 2100 1418 2162 regnavit

303 2174 352 2225 ibi.
389 2172 492 2222 Phenix
511 2172 584 2221 venit
601 2172 630 2220 in
648 2171 746 2235 Tyrum
767 2175 794 2220 et
813 2170 945 2236 Sydonem
967 2176 994 2220 et
1012 2172 1135 2236 regnavit
1152 2170 1199 2234 ibi,
1238 2167 1278 2235 Of.
1297 2169 1377 2222 Hier.

379 2249 410 2296 et
429 2246 556 2311 primus
576 2243 849 2308 tradiditTyriis
870 2243 1076 2310 etSydoniis
1095 2259 1189 2295 usum
1206 2245 1418 2309 quarundam

305 2319 517 2380 litterarum,
538 2317 684 2367 circiter
700 2317 729 2380 'l3
749 2316 900 2368 tradidit
921 2319 1024 2368 etiam
1042 2334 1138 2369 usum
1158 2317 1254 2368 minii
1271 2317 1418 2385 coloris,

307 2399 340 2444 et
359 2391 474 2442 dictus
499 2396 552 2441 est
571 2390 671 2441 color
689 2390 754 2440 ille
773 2407 833 2456 per
852 2391 1101 2458 corruptionem
1120 2391 1304 2457 puniceus;
1325 2397 1359 2442 et
1378 2391 1419 2441 ad

305 2466 467 2517 honorem
498 2464 571 2515 eius
600 2464 695 2530 Tyrii
725 2469 758 2515 et
786 2463 930 2529 Sydonii
957 2466 1056 2531 primi
1084 2465 1244 2514 iecerunt
1273 2463 1419 2516 litteras

307 2538 481 2606 capitales
501 2537 540 2588 de
558 2537 755 2588 huiusmodi
781 2538 897 2588 colore
923 2539 1031 2598 minii,
1058 2544 1090 2588 et
1111 2537 1287 2588 redactum
1312 2541 1419 2589 estin

305 2629 409 2675 usum,
436 2617 471 2662 ut
496 2610 616 2662 littere
643 2611 815 2676 capitales
840 2611 894 2662 vel
916 2612 1055 2662 rubrica
1075 2627 1140 2662 non
1158 2611 1249 2661 fiant
1268 2611 1306 2660 de
1325 2618 1420 2663 atra-

305 2691 434 2751 mento,
453 2684 512 2736 sed
532 2683 573 2734 de
593 2684 710 2735 colore
730 2685 839 2736 minio.
860 2683 872 2733 1

378 2759 482 2809 Mortuo
502 2757 644 2809 Othonicle
665 2785 699 2794 -
721 2785 752 2794 —-
773 2758 907 2824 Amphion
926 2759 1042 2809 musicus
1062 2749 1165 2808 claruit
1203 2757 1289 2808 Beda.

378 2832 508 2897 Tempore
523 2830 642 2882 eiusdem
652 2831 786 2882 Femenoe
800 2847 853 2881 una
871 2831 905 2881 de
918 2830 1028 2898 Syhillis
1043 2857 1075 2868 -—
1092 2858 1123 2870 -·
1137 2832 1257 2881 versibus
1277 2834 1422 2884 exametris

306 2907 421 2958 scrisit.
442 2903 454 2953 l

359 2923 482 3028 pIlodem
501 2982 619 3044 tempore
639 2993 685 3027 rex
703 2978 847 3043 Dyonisius
867 2976 949 3028 Liber
966 2977 1073 3028 Bachus
1093 2979 1255 3044 expugnavit
1268 2977 1376 3029 Indiam
1397 2984 1424 3030 et

308 3052 445 3103 constituit
461 3051 501 3101 ibi
521 3050 664 3114 civitatem,
685 3067 763 3116 quam
783 3067 799 3100 a
818 3051 923 3101 nomine
943 3067 991 3102 sno
1011 3052 1193 3101 denominavit
1210 3051 1311 3101 Nisam.
1332 3049 1345 3100 i

379 3125 431 3176 His
455 3125 535 3176 etiam
562 3124 655 3175 diebus
681 3130 783 3174 mortuo
808 3124 890 3190 Iano,
922 3126 967 3190 qui
994 3124 1093 3190 primus
1125 3124 1153 3174 in
1178 3124 1259 3174 Italia
1289 3127 1424 3188 regnavit,

309 3198 437 3250 Saturnus
457 3226 490 3235 -
509 3225 540 3237 -
562 3213 672 3263 regnum
685 3197 942 3249 Lacedemoniorum
963 3203 1090 3249 exortum.
1117 3196 1196 3250 Porri.
1209 3197 1245 3250 H.
1255 3196 1288 3247 R.
1300 3205 1324 3248 et
1332 3197 1424 3250 Bada.

380 3273 473 3322 Finit
492 3277 614 3338 quarta
633 3276 707 3324 etas
727 3272 856 3322 habens
875 3286 979 3322 annos
999 3271 1270 3336 quadringentos
1289 3269 1334 3321 82.

380 3345 483 3396 Mortuo
504 3344 569 3396 Saul
582 3344 671 3396 David
685 3373 718 3383 -
734 3372 764 3381 -
781 3346 821 3395 Eo
834 3350 953 3411 tempore
972 3360 1083 3410 regnum
1098 3345 1258 3396 Assiriorum
1277 3345 1312 3393 ad
1325 3343 1426 3396 Medos

309 3424 336 3471 et
348 3417 442 3542 PBerpas
455 3418 611 3470 translatum
626 3424 674 3482 est,
689 3417 759 3485 quod
773 3435 789 3468 a
802 3420 933 3485 principio
947 3418 1008 3488 Beli
1021 3423 1131 3469 steterat
1143 3419 1219 3469 annis
1235 3418 1314 3468 1302.
1340 3417 1425 3469 Paul.

310 3500 333 3542 ct
380 3509 392 3542 e
413 3509 439 3542 a.

383 3573 449 3622 Nam
468 3570 576 3622 ultimus
595 3588 641 3622 rex
660 3573 826 3638 Assyriorum
846 3600 878 3609 -
897 3601 930 3609 —
950 3574 1044 3624 iniecit
1063 3577 1091 3624 et
1109 3574 1198 3640 periit.
1236 3571 1309 3624 Oros.
1330 3572 1354 3635 I,
1377 3575 1425 3624 19.

382 3645 489 3695 Extunc
507 3646 638 3695 Arbactus
660 3671 690 3682 -
712 3673 746 3682 -
765 3646 1020 3698 Nobuchodonosor.
1044 3644 1056 3695 i

381 3717 456 3767 Tunc
475 3719 555 3768 etiam
570 3717 707 3783 Olympias
727 3735 743 3768 a
757 3719 849 3770 Grecis
870 3722 1013 3771 constituta
1032 3725 1073 3772 est
1085 3725 1214 3786 regnante
1228 3719 1298 3786 apud
1315 3719 1426 3772 Ehreos

310 3790 385 3843 Ouia.
421 3788 492 3840 Patr.
513 3789 582 3840 Gom.
602 3788 654 3850 IV,
673 3791 716 3841 24.

382 3861 454 3913 Filia
473 3869 561 3914 autem
581 3863 726 3914 Numitoris
745 3892 781 3901 —
801 3892 834 3902 -
853 3882 905 3917 uno
925 3872 1002 3932 partu
1022 3866 1114 3918 edidit.
1153 3865 1233 3918 Paul.
1251 3864 1290 3917 H.
1309 3864 1343 3918 Β.

593 3937 642 3986 De
669 3939 873 3989 conditione
898 3939 992 3990 urbis
1017 3942 1145 3990 Romae.

383 4010 510 4061 Romulus
537 4025 600 4060 vero
630 4026 690 4060 cum
718 4017 789 4063 esset
815 4039 851 4049 -
882 4039 913 4053 -·
945 4029 1004 4065 cum
1032 4012 1104 4080 apud
1128 4013 1251 4065 Hebreos
1279 4014 1426 4080 Eaechyas

310 4089 444 4147 regnaret.
481 4081 560 4134 Paci.
580 4083 617 4134 H.
636 4082 669 4133 Β.

383 4156 437 4206 Hic
458 4156 523 4207 duos
543 4172 648 4209 menses
659 4159 813 4210 Ianuarium
834 4165 861 4210 et
872 4158 1047 4211 Februarium
1060 4176 1131 4212 anno
1151 4159 1263 4224 addidit,
1293 4160 1328 4226 cf.
1341 4158 1425 4211 Hier.

324 4303 356 4354 fit
375 4235 412 4353 {t
428 4228 503 4351 peges
520 4231 647 4283 Romanis
667 4231 750 4300 dedit,
768 4234 880 4298 auguria
899 4234 979 4284 etiam
998 4239 1025 4285 et
1042 4239 1127 4285 sortes
1139 4235 1241 4285 Romae
1260 4235 1360 4300 primus
1381 4236 1425 4284 in·

310 4318 323 4354 ⁸
356 4318 497 4442 luln'empla
515 4377 661 4444 plurima
680 4379 814 4430 deorum
835 4381 992 4445 constmxit3
1019 4380 1053 4446 cf.
1071 4378 1150 4432 Hier.
