2942 4998
269 413 310 464 ,46
435 458 436 467 ,
469 411 656 463 OHRONICA
675 411 788 464 REGIA
809 411 1050 464 COLONIRNSIS
1070 413 1102 465 A.
1124 414 1202 464 110⁷.

646 584 808 637 Receasio
829 585 853 636 I.
872 585 966 638 codd.
985 582 1020 658 A.

276 674 310 736 in
337 671 488 737 finitimos
518 670 760 753 exercebantur,
789 671 925 736 cremari
950 673 1104 759 precepit.
1148 673 1281 738 Festum
1308 674 1398 758 puri-

173 757 433 822 raralicationis
456 764 564 820 sancte
585 755 687 820 Maris
710 754 953 841 Quintilinburg
974 757 1051 841 agit,
1092 756 1145 822 Ibi
1165 757 1195 822 le
1218 766 1287 822 atos
1308 759 1397 842 regis

276 841 432 905 Franciae
464 862 523 926 pro
555 849 666 903 mutuo
700 839 859 927 colloquio
889 841 1016 926 accipit.
1065 841 1146 906 Inde
1208 841 1398 927 eresburgo,

276 936 390 1012 postea
412 923 593 989 Goslariam
616 923 704 1006 adiit,
728 924 876 989 omnibus
898 946 994 1010 super
1016 947 1113 990 causa
1142 947 1200 990 sua
1222 948 1295 991 eum
1324 925 1399 1011 pul-
1457 971 1468 1006 4

276 1009 419 1074 sentibus
450 1008 539 1094 regio
566 1029 654 1073 more
686 1008 842 1073 iudicans.
894 1008 1112 1074 Reinhardum
1139 1009 1400 1075 Halverstatensi
1465 1008 1469 1016 ’

277 1093 430 1158 ecclesiae
476 1092 594 1157 refecit.
674 1093 891 1157 Marcwardus
915 1093 1100 1160 Corbiensis
1121 1094 1221 1159 abbas
1243 1095 1399 1177 moritur;

278 1178 329 1240 cui
361 1200 422 1241 rex
451 1115 689 1241 llrkenbertum
717 1176 1017 1263 Merseburgensem
1044 1178 1193 1244 abbatem
1220 1178 1399 1244 adveniens

278 1261 450 1331 substituit.
493 1260 573 1325 Inde
588 1259 811 1325 Patherburim
831 1263 973 1344 veniens,
995 1262 1195 1327 Westfaliam
1209 1272 1399 1346 transmeat,

165 1344 267 1445 fisi}-
279 1345 431 1412 Coloniae
452 1345 569 1410 festum
591 1343 770 1430 palmarum
791 1347 868 1430 agit,
888 1347 1072 1432 Mogontiae
1099 1347 1219 1432 pascha
1245 1346 1398 1413 celebrat.

184 1415 200 1454 Ρ
216 1437 220 1447 ’
261 1433 267 1446 ’
353 1428 519 1493 Generalis
543 1429 683 1513 synodus
706 1451 790 1515 pape
812 1431 960 1496 omnibus
983 1432 1143 1517 episcopis
1167 1431 1254 1516 apud
1275 1431 1399 1496 Trecas

276 1513 437 1578 indicitur.
480 1513 562 1594 Rex,
585 1511 726 1577 collectis
747 1515 947 1599 principibus
978 1536 1073 1600 quam
1098 1514 1253 1600 plurimis,
1282 1539 1398 1581 versus

275 1619 395 1684 papam
416 1596 526 1679 tendit,
549 1599 582 1660 in
603 1598 715 1663 itinere
736 1597 888 1685 pleraque
916 1599 1045 1665 castella
1071 1601 1166 1685 capit,
1189 1599 1397 1664 Olaremonz¹
1462 1607 1463 1610 ’

278 1693 309 1747 et
340 1681 471 1746 Brieth²
511 1681 664 1747 finitimos
708 1683 915 1768 depredantia
955 1685 989 1748 in
1029 1683 1224 1749 deditionem
1260 1688 1399 1770 accepit.

275 1765 392 1850 Legati
419 1767 515 1851 regis,
536 1765 646 1831 Bruno
671 1767 878 1832 Treverensis
903 1789 920 1832 e
945 1768 1085 1854 iscopus,
1116 1768 1192 1833 Otto
1213 1769 1399 1834 Bavenber-

300 1851 384 1914 ensis
406 1852 588 1937 episcopus,
610 1849 751 1915 Herlevo
780 1790 1022 1938 Herbipolensis
1047 1854 1229 1939 episcopus,
1251 1852 1399 1918 Barthol-

276 1873 338 1998 dus
366 1933 434 1998 dux
462 1934 634 2016 Sueviae³,
663 1956 770 1999 comes
799 1935 1033 2020 Herimannus,
1061 1959 1168 2002 comes
1196 1937 1398 2022 Wigbertus,

277 2040 396 2105 papam
412 2018 597 2084 Catalaunis
618 2020 747 2102 adeunt,
770 2041 896 2084 omnem
918 2023 948 2086 ei
970 2021 1182 2086 obedientiam
1202 2021 1290 2086 salvo
1304 2023 1398 2106 regni

276 2105 396 2168 honore
418 2125 461 2166 ex
482 2113 573 2187 parte
593 2105 678 2189 regis
702 2104 899 2170 exhibentes.
942 2107 1033 2192 Papa
1053 2107 1122 2190 regi
1150 2107 1325 2188 remandat,
1351 2106 1398 2170 nil

277 2186 319 2251 ab
349 2208 386 2251 eo
416 2209 450 2250 se
479 2187 625 2273 nisique
647 2188 688 2251 ad
711 2189 863 2252 honorem
885 2189 1058 2255 aecclesiae
1076 2190 1235 2274 pertinent
1255 2191 1397 2275 exigere.

277 2272 350 2336 Rex
380 2269 568 2356 regreditur,
594 2271 711 2337 infecto
742 2271 909 2360 colloquio,
937 2297 1034 2361 super
1062 2295 1125 2360 quo
1155 2298 1213 2340 rex
1239 2275 1397 2339 Franciae

277 2354 401 2441 legatos
422 2355 484 2420 sibi
506 2353 632 2421 direxit.
675 2356 823 2420 Domnus
845 2379 931 2444 papa
952 2359 1082 2445 copioso
1097 2359 1204 2444 episco
1230 2381 1322 2423 orum
1344 2360 1396 2424 etb

278 2438 432 2505 abbatum
454 2439 653 2526 aliorumque
675 2439 905 2506 catholicorum
935 2453 1096 2508 conventu
1121 2381 1280 2528 synodum
1307 2443 1397 2530 apud

172 2525 398 2592 MaaaaTrecas
420 2533 535 2588 tractat
544 2537 566 2588 ⁰.
609 2524 660 2588 lbi
682 2546 807 2608 causae,
829 2548 925 2612 super
969 2549 1011 2592 ua
1032 2528 1102 2614 ipse
1125 2538 1156 2592 et
1177 2551 1236 2592 rex
1257 2549 1398 2592 conven-

277 2611 341 2674 turi
362 2608 628 2690 erant,'inducias
649 2609 690 2672 ad
712 2609 890 2674 Romanam
912 2549 1021 2676 sedem
1047 2613 1147 2697 ponit,
1174 2621 1210 2676 ut
1236 2634 1333 2698 super
1359 2636 1398 2679 ea

278 2693 432 2758 canonice
459 2704 582 2777 agatur.
633 2692 685 2757 lbi
712 2692 895 2759 Ruthardus
923 2695 1108 2781 Mogontiae
1135 2698 1241 2761 archis
1265 2697 1397 2782 iscopus

278 2776 319 2843 ab
352 2776 458 2841 officio
491 2775 600 2842 divino
626 2779 841 2864 suspenditur,
869 2801 907 2844 eo
935 2779 1022 2866 quod
1051 2779 1200 2846 Udonem
1262 2781 1398 2846 ildenes-

278 2861 474 2926 heimensem
503 2861 570 2926 sine
599 2861 752 2927 ccclesiae
782 2885 940 2928 consensu
966 2864 1111 2946 restituit,
1141 2874 1173 2929 et
1199 2867 1275 2951 quia
1301 2865 1399 2930 Rein-

278 2945 415 3011 hardum
437 2954 547 3010 contra
575 2946 646 3011 iura
673 2967 832 3011 canonum
853 2947 1106 3013 Halverstatensi
1133 2947 1285 3014 ecclesiae
1313 2949 1399 3014 ordi-

277 3030 376 3094 navit.
420 3028 629 3095 Gevehardus
645 3028 896 3096 Constantiensis
919 3033 1071 3115 similiter,
1095 3035 1171 3120 quia
1192 3035 1242 3098 his
1264 3055 1399 3099 consen-

279 3115 321 3178 sit
348 3113 405 3200 qui
428 3112 663 3179 Godescalcum
683 3114 843 3181 Mindensi
871 3116 1004 3182 ecclesie
1025 3115 1096 3182 loco
1126 3118 1271 3204 episcopi
1296 3119 1399 3183 intru-

279 3206 398 3280 serunt,
413 3200 535 3284 etquis
550 3198 740 3265 Heinricum
754 3199 1045 3286 Magadeburgensi
1061 3201 1213 3267 ecclesiae
1227 3202 1397 3266 temerarie

278 3283 447 3365 ordinavit,
468 3281 509 3346 ab
533 3283 638 3348 officio
660 3285 874 3369 suspenditur.
919 3285 1118 3351 Coloniensis
1140 3287 1309 3371 episcopus
1325 3287 1397 3350 Fri-

278 3368 403 3434 dericus
426 3369 586 3432 cumanis
609 3369 706 3436 suffra
729 3371 817 3434 aneis
839 3366 880 3432 ab
910 3369 1015 3433 officio
1043 3369 1152 3434 divino
1180 3369 1397 3470 suspenditur,

278 3453 354 3538 quia
375 3452 450 3516 huic
472 3462 600 3516 sanctae
621 3391 744 3538 synodo
760 3476 794 3518 se
809 3453 1021 3522 subtraxerat.
1059 3453 1216 3519 Omnibus
1235 3454 1280 3520 1bi
1295 3453 1396 3520 ecele-

276 3537 333 3600 siis
353 3534 546 3621 apostolicus
567 3536 746 3603 libertatem
775 3538 896 3620 suam‘l,
925 3547 961 3602 ut
987 3559 1029 3602 ex
1055 3550 1207 3625 precepto
1235 3561 1397 3606 canonum

614 3675 781 3752 Reccaaio
800 3699 842 3752 ΙῙ.
862 3701 954 3752 codd.
974 3701 1009 3753 B.
1031 3699 1057 3752 0.

279 3780 418 3846 sebalem
445 3782 485 3846 (le
512 3783 708 3853 investitura.
753 3798 890 3849 Generalis
917 3801 1035 3864 synodus
1062 3815 1151 3865 pape
1185 3802 1305 3852 omnibus
1338 3802 1396 3866 epi-

278 3874 367 3940 scopis
386 3872 458 3940 apud
476 3874 576 3924 Trecas
595 3873 729 3938 indicitur,
748 3877 804 3926 ubi
823 3877 975 3930 Fridericus
989 3877 1157 3930 coloniensis
1176 3879 1396 3946 archiepiscopus

279 3963 339 3998 cum
358 3948 412 3997 suis
431 3946 641 4012 suffraganeisa
667 3947 757 3999 divino
783 3949 872 4001 officio
898 3951 1075 4018 suspenditur,
1099 3968 1137 4003 so
1162 3952 1251 4019 quod
1276 3969 1305 4003 se
1330 3952 1396 4004 huic

278 4107 453 4210 lissdstffflbmd
468 4111 517 4154 Ar.
563 4109 587 4163 b)
604 4115 627 4152 et
641 4122 747 4162 repertor.
764 4114 813 4155 Ar.
866 4112 887 4166 c)
903 4119 987 4158 tractat
1001 4128 1058 4159 corr.
1067 4116 1207 4159 tractatAl.
1254 4115 1394 4168 (1)(1000114.

330 4197 343 4218 .,
379 4181 417 4213 aa.
449 4201 455 4214 .

281 4340 309 4395 1)
330 4337 459 4390 Olernroat
478 4357 510 4391 ea
529 4340 663 4409 Arpocras.
757 4341 786 4402 2)
810 4341 935 4394 Fortasse
952 4343 1044 4412 Briey.
1091 4342 1218 4396 som-B.
1311 4343 1341 4410 3)
1361 4344 1396 4396 de

278 4411 423 4480 Zariaqoa,
444 4412 491 4479 qui
508 4431 561 4465 noa
581 4413 695 4468 Suebiae
714 4416 839 4467 ducatum
859 4416 970 4469 tenebat.
