<?xml version="1.0" encoding="UTF-8"?>
<!DOCTYPE html PUBLIC "-//W3C//DTD XHTML 1.0 Transitional//EN"
    "http://www.w3.org/TR/xhtml1/DTD/xhtml1-transitional.dtd">
<html xmlns="http://www.w3.org/1999/xhtml" xml:lang="en" lang="en">
 <head>
  <title>
</title>
<meta http-equiv="Content-Type" content="text/html;charset=utf-8" />
  <meta name='ocr-system' content='tesseract 3.04.00' />
  <meta name='ocr-capabilities' content='ocr_page ocr_carea ocr_par ocr_line ocrx_word'/>
</head>
<body>
  <div class='ocr_page' id='page_1' title='image "./chronicaregiaco01waitgoog_0033.png"; bbox 0 0 2942 4998; ppageno 0'>
   <div class='ocr_carea' id='block_1_1' title="bbox 104 1163 1136 1350">
    <p class='ocr_par' dir='ltr' id='par_1_1' title="bbox 104 1163 1136 1350">
     <span class='ocr_line' id='line_1_1' title="bbox 476 1163 761 1229; baseline 0 -3"><span class='ocrx_word' id='word_1_1' title='bbox 476 1163 593 1229; x_wconf 79' lang='lat' dir='ltr'><em>PARS</em></span> <span class='ocrx_word' id='word_1_2' title='bbox 615 1163 761 1228; x_wconf 81' lang='lat' dir='ltr'><em>PRIMA</em></span> 
     </span>
     <span class='ocr_line' id='line_1_2' title="bbox 104 1281 1136 1350; baseline 0.002 -5"><span class='ocrx_word' id='word_1_3' title='bbox 104 1281 137 1345; x_wconf 89' lang='lat' dir='ltr'><strong><em>A</em></strong></span> <span class='ocrx_word' id='word_1_4' title='bbox 159 1281 391 1350; x_wconf 80' lang='lat' dir='ltr'><em>MONACHO</em></span> <span class='ocrx_word' id='word_1_5' title='bbox 413 1283 448 1349; x_wconf 80' lang='lat' dir='ltr'><strong>S.</strong></span> <span class='ocrx_word' id='word_1_6' title='bbox 463 1282 790 1349; x_wconf 79' lang='lat' dir='ltr'><em>PANTALEONIS</em></span> <span class='ocrx_word' id='word_1_7' title='bbox 811 1283 932 1350; x_wconf 81' lang='lat' dir='ltr'><em>POST</em></span> <span class='ocrx_word' id='word_1_8' title='bbox 949 1283 1136 1349; x_wconf 83' lang='lat' dir='ltr'><em>ADDITA.</em></span> 
     </span>
    </p>
   </div>
   <div class='ocr_carea' id='block_1_2' title="bbox 376 1408 877 1463">
    <p class='ocr_par' dir='ltr' id='par_1_2' title="bbox 376 1408 877 1463">
     <span class='ocr_line' id='line_1_3' title="bbox 376 1408 877 1463; baseline 0.008 -4"><span class='ocrx_word' id='word_1_9' title='bbox 376 1408 541 1462; x_wconf 75' lang='lat' dir='ltr'><strong>Recensio</strong></span> <span class='ocrx_word' id='word_1_10' title='bbox 561 1410 714 1463; x_wconf 78' lang='lat' dir='ltr'><strong>codicum</strong></span> <span class='ocrx_word' id='word_1_11' title='bbox 731 1411 758 1462; x_wconf 91' lang='lat' dir='ltr'><em>B</em></span> <span class='ocrx_word' id='word_1_12' title='bbox 773 1411 797 1463; x_wconf 89' lang='lat'><strong>1.</strong></span> <span class='ocrx_word' id='word_1_13' title='bbox 819 1409 877 1463; x_wconf 79' lang='grc'><strong>02.</strong></span> 
     </span>
    </p>
   </div>
   <div class='ocr_carea' id='block_1_3' title="bbox 190 1528 1033 1702">
    <p class='ocr_par' dir='ltr' id='par_1_3' title="bbox 190 1528 1033 1702">
     <span class='ocr_line' id='line_1_4' title="bbox 190 1528 1033 1618; baseline 0.004 -24"><span class='ocrx_word' id='word_1_14' title='bbox 190 1528 348 1594; x_wconf 70' lang='lat' dir='ltr'><strong>Croniea³</strong></span> <span class='ocrx_word' id='word_1_15' title='bbox 368 1531 459 1596; x_wconf 84' lang='lat' dir='ltr'><strong>dicor</strong></span> <span class='ocrx_word' id='word_1_16' title='bbox 479 1553 549 1616; x_wconf 85' lang='lat' dir='ltr'><strong>ego,</strong></span> <span class='ocrx_word' id='word_1_17' title='bbox 592 1530 759 1597; x_wconf 83' lang='lat' dir='ltr'><strong>mendacia</strong></span> <span class='ocrx_word' id='word_1_18' title='bbox 781 1541 897 1598; x_wconf 84' lang='lat' dir='ltr'><strong>cuneta</strong></span> <span class='ocrx_word' id='word_1_19' title='bbox 916 1531 1033 1618; x_wconf 86' lang='lat' dir='ltr'><strong>relego,</strong></span> 
     </span>
     <span class='ocr_line' id='line_1_5' title="bbox 231 1613 936 1702; baseline 0.003 -24"><span class='ocrx_word' id='word_1_20' title='bbox 231 1613 345 1678; x_wconf 90' lang='lat' dir='ltr'>Mundi</span> <span class='ocrx_word' id='word_1_21' title='bbox 366 1616 524 1702; x_wconf 84' lang='lat' dir='ltr'><strong>principio</strong></span> <span class='ocrx_word' id='word_1_22' title='bbox 592 1618 744 1702; x_wconf 83' lang='lat' dir='ltr'><strong>temporis</strong></span> <span class='ocrx_word' id='word_1_23' title='bbox 766 1626 839 1682; x_wconf 88' lang='lat' dir='ltr'><strong>aeta</strong></span> <span class='ocrx_word' id='word_1_24' title='bbox 860 1617 936 1681; x_wconf 83' lang='lat' dir='ltr'><strong>acio.</strong></span> 
     </span>
    </p>
   </div>
   <div class='ocr_carea' id='block_1_4' title="bbox 325 1736 919 1824">
    <p class='ocr_par' dir='ltr' id='par_1_4' title="bbox 325 1736 919 1824">
     <span class='ocr_line' id='line_1_6' title="bbox 325 1736 919 1824; baseline 0.005 -25"><span class='ocrx_word' id='word_1_25' title='bbox 325 1736 522 1802; x_wconf 81' lang='lat' dir='ltr'><strong>Prefatiob</strong></span> <span class='ocrx_word' id='word_1_26' title='bbox 544 1739 748 1824; x_wconf 84' lang='lat' dir='ltr'><strong>sequentis</strong></span> <span class='ocrx_word' id='word_1_27' title='bbox 772 1739 919 1824; x_wconf 89' lang='lat' dir='ltr'><strong>operis.</strong></span> 
     </span>
    </p>
   </div>
   <div class='ocr_carea' id='block_1_5' title="bbox 2 1843 1176 4116">
    <p class='ocr_par' dir='ltr' id='par_1_5' title="bbox 1 1843 1176 4116">
     <span class='ocr_line' id='line_1_7' title="bbox 63 1843 1176 1966; baseline 0.006 -73"><span class='ocrx_word' id='word_1_28' title='bbox 63 1913 102 1966; x_wconf 60' lang='lat' dir='ltr'><strong>or</strong></span> <span class='ocrx_word' id='word_1_29' title='bbox 136 1843 276 1895; x_wconf 84' lang='lat' dir='ltr'><strong>Neminem</strong></span> <span class='ocrx_word' id='word_1_30' title='bbox 294 1845 349 1896; x_wconf 87' lang='lat' dir='ltr'><strong>iam</strong></span> <span class='ocrx_word' id='word_1_31' title='bbox 369 1861 427 1897; x_wconf 87' lang='lat' dir='ltr'><strong>esse</strong></span> <span class='ocrx_word' id='word_1_32' title='bbox 446 1847 581 1898; x_wconf 91' lang='lat' dir='ltr'><strong>bominum</strong></span> <span class='ocrx_word' id='word_1_33' title='bbox 600 1847 714 1898; x_wconf 80' lang='lat' dir='ltr'><strong>arbitror</strong></span> <span class='ocrx_word' id='word_1_34' title='bbox 735 1873 765 1884; x_wconf 90' lang='grc'>-</span> <span class='ocrx_word' id='word_1_35' title='bbox 784 1873 821 1886; x_wconf 43' lang='lat'><strong>1-—</strong></span> <span class='ocrx_word' id='word_1_36' title='bbox 841 1848 1006 1900; x_wconf 86' lang='lat' dir='ltr'><strong>habebantur</strong></span> <span class='ocrx_word' id='word_1_37' title='bbox 1024 1847 1176 1900; x_wconf 81' lang='lat' dir='ltr'><strong>illustrium.</strong></span> 
     </span>
     <span class='ocr_line' id='line_1_8' title="bbox 103 1915 266 1980; baseline 0.006 -13"><span class='ocrx_word' id='word_1_38' title='bbox 103 1916 175 1968; x_wconf 79' lang='lat' dir='ltr'><strong>osias</strong></span> <span class='ocrx_word' id='word_1_39' title='bbox 195 1915 219 1980; x_wconf 88' lang='lat' dir='ltr'><strong>J,</strong></span> <span class='ocrx_word' id='word_1_40' title='bbox 240 1918 266 1968; x_wconf 99' lang='grc'><strong>2.</strong></span> 
     </span>
     <span class='ocr_line' id='line_1_9' title="bbox 136 1990 1174 2061; baseline 0.005 -20"><span class='ocrx_word' id='word_1_41' title='bbox 136 1990 260 2057; x_wconf 80' lang='lat' dir='ltr'><strong>Babylon</strong></span> <span class='ocrx_word' id='word_1_42' title='bbox 272 1991 362 2057; x_wconf 84' lang='lat' dir='ltr'><strong>itaque</strong></span> <span class='ocrx_word' id='word_1_43' title='bbox 376 2007 408 2043; x_wconf 86' lang='lat' dir='ltr'><strong>eo</strong></span> <span class='ocrx_word' id='word_1_44' title='bbox 422 2007 492 2044; x_wconf 90' lang='lat' dir='ltr'><strong>anno</strong></span> <span class='ocrx_word' id='word_1_45' title='bbox 507 2020 540 2029; x_wconf 87' lang='lat'><em>-</em></span> <span class='ocrx_word' id='word_1_46' title='bbox 553 2019 589 2031; x_wconf 92' lang='lat'>-</span> <span class='ocrx_word' id='word_1_47' title='bbox 602 1994 626 2045; x_wconf 78' lang='lat' dir='ltr'><strong>si</strong></span> <span class='ocrx_word' id='word_1_48' title='bbox 638 1992 784 2061; x_wconf 89' lang='lat' dir='ltr'><strong>aliquando</strong></span> <span class='ocrx_word' id='word_1_49' title='bbox 795 1995 924 2046; x_wconf 89' lang='lat' dir='ltr'><strong>desistant</strong></span> <span class='ocrx_word' id='word_1_50' title='bbox 930 2000 950 2047; x_wconf 66' lang='grc' dir='ltr'><strong>ὓ.</strong></span> <span class='ocrx_word' id='word_1_51' title='bbox 965 1993 1028 2045; x_wconf 80' lang='lat' dir='ltr'><strong>ibid.</strong></span> <span class='ocrx_word' id='word_1_52' title='bbox 1040 2012 1061 2046; x_wconf 83' lang='lat' dir='ltr'><strong>e.</strong></span> <span class='ocrx_word' id='word_1_53' title='bbox 1075 1996 1099 2045; x_wconf 92' lang='lat'><strong>1.</strong></span> <span class='ocrx_word' id='word_1_54' title='bbox 1114 1994 1140 2047; x_wconf 88' lang='grc'><strong>2.</strong></span> <span class='ocrx_word' id='word_1_55' title='bbox 1150 1997 1174 2046; x_wconf 87' lang='grc'><strong>3.</strong></span> 
     </span>
     <span class='ocr_line' id='line_1_10' title="bbox 136 2063 1175 2186; baseline 0.009 -72"><span class='ocrx_word' id='word_1_56' title='bbox 136 2063 223 2186; x_wconf 55' lang='lat' dir='ltr'><strong>pdam</strong></span> <span class='ocrx_word' id='word_1_57' title='bbox 237 2070 263 2116; x_wconf 90' lang='lat' dir='ltr'><strong>et</strong></span> <span class='ocrx_word' id='word_1_58' title='bbox 275 2065 342 2129; x_wconf 85' lang='lat' dir='ltr'><strong>Eva,</strong></span> <span class='ocrx_word' id='word_1_59' title='bbox 361 2071 391 2117; x_wconf 90' lang='lat' dir='ltr'><strong>nt</strong></span> <span class='ocrx_word' id='word_1_60' title='bbox 408 2067 555 2119; x_wconf 81' lang='lat' dir='ltr'><strong>revelatum</strong></span> <span class='ocrx_word' id='word_1_61' title='bbox 574 2067 624 2119; x_wconf 84' lang='lat' dir='ltr'><strong>fuit</strong></span> <span class='ocrx_word' id='word_1_62' title='bbox 643 2095 677 2106; x_wconf 92' lang='lat'><strong>·-</strong></span> <span class='ocrx_word' id='word_1_63' title='bbox 698 2095 732 2105; x_wconf 89' lang='lat'><em>-</em></span> <span class='ocrx_word' id='word_1_64' title='bbox 752 2070 889 2134; x_wconf 79' lang='lat' dir='ltr'><strong>genuisset</strong></span> <span class='ocrx_word' id='word_1_65' title='bbox 902 2069 976 2121; x_wconf 84' lang='lat' dir='ltr'><strong>Seth.</strong></span> <span class='ocrx_word' id='word_1_66' title='bbox 1002 2067 1073 2122; x_wconf 80' lang='lat' dir='ltr'><strong>Petr.</strong></span> <span class='ocrx_word' id='word_1_67' title='bbox 1088 2067 1175 2123; x_wconf 72' lang='lat' dir='ltr'><strong>Come·</strong></span> 
     </span>
     <span class='ocr_line' id='line_1_11' title="bbox 59 2138 224 2200; baseline 0.018 -14"><span class='ocrx_word' id='word_1_68' title='bbox 59 2144 117 2187; x_wconf 80' lang='lat' dir='ltr'><strong>atos·</strong></span> <span class='ocrx_word' id='word_1_69' title='bbox 153 2138 224 2200; x_wconf 63' lang='lat' dir='ltr'><strong>,ib</strong></span> 
     </span>
     <span class='ocr_line' id='line_1_12' title="bbox 136 2210 1175 2283; baseline 0.005 -21"><span class='ocrx_word' id='word_1_70' title='bbox 136 2211 205 2262; x_wconf 83' lang='lat' dir='ltr'><strong>Nam</strong></span> <span class='ocrx_word' id='word_1_71' title='bbox 217 2210 345 2279; x_wconf 87' lang='lat' dir='ltr'><strong>plurimos</strong></span> <span class='ocrx_word' id='word_1_72' title='bbox 359 2211 428 2264; x_wconf 85' lang='lat' dir='ltr'><strong>filios</strong></span> <span class='ocrx_word' id='word_1_73' title='bbox 442 2219 469 2266; x_wconf 92' lang='lat' dir='ltr'><strong>et</strong></span> <span class='ocrx_word' id='word_1_74' title='bbox 481 2213 550 2266; x_wconf 83' lang='lat' dir='ltr'><strong>filies</strong></span> <span class='ocrx_word' id='word_1_75' title='bbox 562 2215 649 2267; x_wconf 81' lang='lat' dir='ltr'><strong>Adam</strong></span> <span class='ocrx_word' id='word_1_76' title='bbox 662 2217 763 2282; x_wconf 84' lang='lat' dir='ltr'><strong>genuit,</strong></span> <span class='ocrx_word' id='word_1_77' title='bbox 777 2231 843 2282; x_wconf 90' lang='lat' dir='ltr'><strong>quos</strong></span> <span class='ocrx_word' id='word_1_78' title='bbox 856 2214 994 2281; x_wconf 86' lang='lat' dir='ltr'><strong>legislator</strong></span> <span class='ocrx_word' id='word_1_79' title='bbox 1006 2216 1175 2283; x_wconf 75' lang='lat' dir='ltr'><strong>pretermisit.</strong></span> 
     </span>
     <span class='ocr_line' id='line_1_13' title="bbox 26 2284 1034 2356; baseline 0.005 -22"><span class='ocrx_word' id='word_1_80' title='bbox 26 2349 29 2356; x_wconf 31' lang='grc' dir='ltr'>Ι</span> <span class='ocrx_word' id='word_1_81' title='bbox 138 2284 202 2337; x_wconf 85' lang='lat' dir='ltr'><strong>Seth</strong></span> <span class='ocrx_word' id='word_1_82' title='bbox 222 2300 292 2336; x_wconf 89' lang='lat' dir='ltr'><strong>anno</strong></span> <span class='ocrx_word' id='word_1_83' title='bbox 314 2287 364 2336; x_wconf 80' lang='lat'><strong>105</strong></span> <span class='ocrx_word' id='word_1_84' title='bbox 385 2315 420 2324; x_wconf 89' lang='lat'>—</span> <span class='ocrx_word' id='word_1_85' title='bbox 442 2317 469 2325; x_wconf 95' lang='lat'>-</span> <span class='ocrx_word' id='word_1_86' title='bbox 492 2290 586 2355; x_wconf 92' lang='lat' dir='ltr'><strong>genuit</strong></span> <span class='ocrx_word' id='word_1_87' title='bbox 603 2289 773 2340; x_wconf 87' lang='lat' dir='ltr'><strong>Matusalam.</strong></span> <span class='ocrx_word' id='word_1_88' title='bbox 810 2287 888 2340; x_wconf 81' lang='lat' dir='ltr'><strong>Beda</strong></span> <span class='ocrx_word' id='word_1_89' title='bbox 907 2288 939 2340; x_wconf 82' lang='lat' dir='ltr'><strong>de</strong></span> <span class='ocrx_word' id='word_1_90' title='bbox 957 2296 1034 2355; x_wconf 83' lang='lat' dir='ltr'><strong>temp.</strong></span> 
     </span>
     <span class='ocr_line' id='line_1_14' title="bbox 138 2359 1174 2427; baseline 0.004 -17"><span class='ocrx_word' id='word_1_91' title='bbox 138 2359 214 2410; x_wconf 84' lang='lat' dir='ltr'><strong>Siout</strong></span> <span class='ocrx_word' id='word_1_92' title='bbox 228 2375 290 2424; x_wconf 83' lang='lat' dir='ltr'><strong>ergo</strong></span> <span class='ocrx_word' id='word_1_93' title='bbox 303 2361 331 2410; x_wconf 91' lang='lat' dir='ltr'><strong>in</strong></span> <span class='ocrx_word' id='word_1_94' title='bbox 343 2362 515 2427; x_wconf 79' lang='lat' dir='ltr'><strong>generatione</strong></span> <span class='ocrx_word' id='word_1_95' title='bbox 527 2361 594 2413; x_wconf 81' lang='lat' dir='ltr'><strong>(lain</strong></span> <span class='ocrx_word' id='word_1_96' title='bbox 609 2390 642 2400; x_wconf 93' lang='lat'><em>-</em></span> <span class='ocrx_word' id='word_1_97' title='bbox 656 2391 690 2399; x_wconf 96' lang='lat'>—</span> <span class='ocrx_word' id='word_1_98' title='bbox 703 2361 846 2414; x_wconf 89' lang='lat' dir='ltr'><strong>translatus</strong></span> <span class='ocrx_word' id='word_1_99' title='bbox 860 2367 909 2414; x_wconf 86' lang='lat' dir='ltr'><strong>est.</strong></span> <span class='ocrx_word' id='word_1_100' title='bbox 933 2361 1004 2413; x_wconf 83' lang='lat' dir='ltr'><strong>Petr.</strong></span> <span class='ocrx_word' id='word_1_101' title='bbox 1016 2360 1084 2414; x_wconf 77' lang='lat' dir='ltr'><strong>Com.</strong></span> <span class='ocrx_word' id='word_1_102' title='bbox 1095 2360 1120 2426; x_wconf 88' lang='lat' dir='ltr'><strong>I,</strong></span> <span class='ocrx_word' id='word_1_103' title='bbox 1131 2362 1174 2414; x_wconf 89' lang='grc'><strong>30.</strong></span> 
     </span>
     <span class='ocr_line' id='line_1_15' title="bbox 136 2432 1088 2502; baseline 0.005 -20"><span class='ocrx_word' id='word_1_104' title='bbox 136 2432 296 2483; x_wconf 85' lang='lat' dir='ltr'><strong>Matusalam</strong></span> <span class='ocrx_word' id='word_1_105' title='bbox 316 2460 349 2470; x_wconf 91' lang='lat'><em>-</em></span> <span class='ocrx_word' id='word_1_106' title='bbox 370 2461 404 2470; x_wconf 92' lang='lat'>—</span> <span class='ocrx_word' id='word_1_107' title='bbox 422 2436 489 2500; x_wconf 88' lang='lat' dir='ltr'><strong>Noe,</strong></span> <span class='ocrx_word' id='word_1_108' title='bbox 508 2436 557 2487; x_wconf 93' lang='lat' dir='ltr'><strong>sub</strong></span> <span class='ocrx_word' id='word_1_109' title='bbox 577 2451 628 2502; x_wconf 89' lang='lat' dir='ltr'><strong>quo</strong></span> <span class='ocrx_word' id='word_1_110' title='bbox 647 2436 748 2488; x_wconf 80' lang='lat' dir='ltr'><strong>factum</strong></span> <span class='ocrx_word' id='word_1_111' title='bbox 768 2440 808 2487; x_wconf 89' lang='lat' dir='ltr'><strong>est</strong></span> <span class='ocrx_word' id='word_1_112' title='bbox 827 2434 965 2488; x_wconf 88' lang='lat' dir='ltr'><strong>diluvium.</strong></span> <span class='ocrx_word' id='word_1_113' title='bbox 1001 2436 1088 2487; x_wconf 80' lang='lat' dir='ltr'><strong>Beda.</strong></span> 
     </span>
     <span class='ocr_line' id='line_1_16' title="bbox 136 2505 1172 2580; baseline 0.005 -25"><span class='ocrx_word' id='word_1_114' title='bbox 136 2505 223 2572; x_wconf 88' lang='lat' dir='ltr'><strong>Igitur</strong></span> <span class='ocrx_word' id='word_1_115' title='bbox 241 2506 327 2558; x_wconf 79' lang='lat' dir='ltr'><strong>Adam</strong></span> <span class='ocrx_word' id='word_1_116' title='bbox 346 2507 510 2575; x_wconf 82' lang='lat' dir='ltr'><strong>protoplasto</strong></span> <span class='ocrx_word' id='word_1_117' title='bbox 533 2507 567 2560; x_wconf 87' lang='lat' dir='ltr'><strong>de</strong></span> <span class='ocrx_word' id='word_1_118' title='bbox 586 2510 712 2576; x_wconf 75' lang='lat' dir='ltr'><strong>paradysi</strong></span> <span class='ocrx_word' id='word_1_119' title='bbox 731 2509 859 2580; x_wconf 71' lang='lat' dir='ltr'><strong>felicitate</strong></span> <span class='ocrx_word' id='word_1_120' title='bbox 885 2515 993 2576; x_wconf 81' lang='lat' dir='ltr'><strong>propter</strong></span> <span class='ocrx_word' id='word_1_121' title='bbox 1017 2509 1172 2561; x_wconf 88' lang='lat' dir='ltr'><strong>inobedien-</strong></span> 
     </span>
     <span class='ocr_line' id='line_1_17' title="bbox 58 2579 1173 2653; baseline 0.004 -25"><span class='ocrx_word' id='word_1_122' title='bbox 58 2580 133 2629; x_wconf 87' lang='lat' dir='ltr'><strong>oiam</strong></span> <span class='ocrx_word' id='word_1_123' title='bbox 153 2579 263 2646; x_wconf 88' lang='lat' dir='ltr'><strong>expulso</strong></span> <span class='ocrx_word' id='word_1_124' title='bbox 284 2586 310 2631; x_wconf 81' lang='lat' dir='ltr'><strong>et</strong></span> <span class='ocrx_word' id='word_1_125' title='bbox 323 2580 391 2653; x_wconf 71' lang='lat' dir='ltr'><strong>Abel</strong></span> <span class='ocrx_word' id='word_1_126' title='bbox 411 2581 509 2634; x_wconf 75' lang='lat' dir='ltr'><strong>acaia</strong></span> <span class='ocrx_word' id='word_1_127' title='bbox 527 2582 606 2635; x_wconf 85' lang='lat' dir='ltr'><strong>fratre</strong></span> <span class='ocrx_word' id='word_1_128' title='bbox 626 2585 809 2636; x_wconf 85' lang='lat' dir='ltr'><strong>exstineto-</strong></span> <span class='ocrx_word' id='word_1_129' title='bbox 828 2610 860 2620; x_wconf 93' lang='lat'>—</span> <span class='ocrx_word' id='word_1_130' title='bbox 880 2585 907 2633; x_wconf 91' lang='lat' dir='ltr'><strong>in</strong></span> <span class='ocrx_word' id='word_1_131' title='bbox 927 2599 979 2648; x_wconf 92' lang='lat' dir='ltr'><strong>quo</strong></span> <span class='ocrx_word' id='word_1_132' title='bbox 998 2585 1055 2634; x_wconf 86' lang='lat' dir='ltr'><strong>nati</strong></span> <span class='ocrx_word' id='word_1_133' title='bbox 1068 2588 1129 2634; x_wconf 91' lang='lat' dir='ltr'><strong>sunt</strong></span> <span class='ocrx_word' id='word_1_134' title='bbox 1149 2583 1173 2634; x_wconf 88' lang='lat' dir='ltr'><strong>ei</strong></span> 
     </span>
     <span class='ocr_line' id='line_1_18' title="bbox 57 2651 428 2718; baseline 0.008 -16"><span class='ocrx_word' id='word_1_135' title='bbox 57 2651 118 2703; x_wconf 82' lang='lat' dir='ltr'><strong>filii.</strong></span> <span class='ocrx_word' id='word_1_136' title='bbox 158 2651 228 2705; x_wconf 80' lang='lat' dir='ltr'><strong>Patr.</strong></span> <span class='ocrx_word' id='word_1_137' title='bbox 250 2651 319 2704; x_wconf 77' lang='lat' dir='ltr'><strong>Gom.</strong></span> <span class='ocrx_word' id='word_1_138' title='bbox 339 2653 364 2718; x_wconf 86' lang='grc' dir='ltr'><strong>Ι,</strong></span> <span class='ocrx_word' id='word_1_139' title='bbox 384 2655 428 2706; x_wconf 81' lang='grc'><strong>27.</strong></span> 
     </span>
     <span class='ocr_line' id='line_1_19' title="bbox 136 2727 1172 2794; baseline 0.005 -17"><span class='ocrx_word' id='word_1_140' title='bbox 136 2727 188 2789; x_wconf 83' lang='lat' dir='ltr'><strong>Qui</strong></span> <span class='ocrx_word' id='word_1_141' title='bbox 207 2729 287 2778; x_wconf 88' lang='lat' dir='ltr'><strong>etiam</strong></span> <span class='ocrx_word' id='word_1_142' title='bbox 301 2728 400 2794; x_wconf 84' lang='lat' dir='ltr'><strong>rapinis</strong></span> <span class='ocrx_word' id='word_1_143' title='bbox 420 2733 448 2780; x_wconf 89' lang='lat' dir='ltr'><strong>et</strong></span> <span class='ocrx_word' id='word_1_144' title='bbox 460 2727 594 2780; x_wconf 80' lang='lat' dir='ltr'><strong>violencia</strong></span> <span class='ocrx_word' id='word_1_145' title='bbox 606 2757 641 2767; x_wconf 92' lang='lat'>-</span> <span class='ocrx_word' id='word_1_146' title='bbox 653 2758 690 2767; x_wconf 93' lang='lat'><strong>—</strong></span> <span class='ocrx_word' id='word_1_147' title='bbox 702 2731 730 2780; x_wconf 89' lang='lat' dir='ltr'><strong>in</strong></span> <span class='ocrx_word' id='word_1_148' title='bbox 743 2730 852 2781; x_wconf 82' lang='lat' dir='ltr'><strong>urbibus</strong></span> <span class='ocrx_word' id='word_1_149' title='bbox 866 2728 986 2794; x_wconf 73' lang='lat' dir='ltr'><strong>collegit.</strong></span> <span class='ocrx_word' id='word_1_150' title='bbox 1014 2729 1080 2781; x_wconf 55' lang='lat' dir='ltr'><strong>iheu.</strong></span> <span class='ocrx_word' id='word_1_151' title='bbox 1094 2747 1116 2780; x_wconf 83' lang='lat' dir='ltr'><strong>c.</strong></span> <span class='ocrx_word' id='word_1_152' title='bbox 1130 2728 1172 2782; x_wconf 88' lang='grc'><strong>28.</strong></span> 
     </span>
     <span class='ocr_line' id='line_1_20' title="bbox 135 2799 1174 2874; baseline 0.003 -23"><span class='ocrx_word' id='word_1_153' title='bbox 135 2799 280 2852; x_wconf 80' lang='lat' dir='ltr'><strong>Civitatem</strong></span> <span class='ocrx_word' id='word_1_154' title='bbox 299 2803 379 2852; x_wconf 86' lang='lat' dir='ltr'><strong>etiam</strong></span> <span class='ocrx_word' id='word_1_155' title='bbox 398 2802 432 2852; x_wconf 91' lang='lat' dir='ltr'><strong>ab</strong></span> <span class='ocrx_word' id='word_1_156' title='bbox 448 2802 543 2854; x_wconf 81' lang='lat' dir='ltr'><strong>Enoch</strong></span> <span class='ocrx_word' id='word_1_157' title='bbox 557 2829 591 2840; x_wconf 86' lang='lat'>-</span> <span class='ocrx_word' id='word_1_158' title='bbox 607 2829 640 2840; x_wconf 93' lang='lat'><strong>·-</strong></span> <span class='ocrx_word' id='word_1_159' title='bbox 654 2803 737 2854; x_wconf 86' lang='lat' dir='ltr'><strong>tiliam</strong></span> <span class='ocrx_word' id='word_1_160' title='bbox 752 2805 859 2874; x_wconf 72' lang='lat' dir='ltr'><strong>nomine</strong></span> <span class='ocrx_word' id='word_1_161' title='bbox 872 2803 1013 2857; x_wconf 84' lang='lat' dir='ltr'><strong>Naainam.</strong></span> <span class='ocrx_word' id='word_1_162' title='bbox 1045 2801 1174 2868; x_wconf 76' lang='lat' dir='ltr'><strong>Iosephus</strong></span> 
     </span>
     <span class='ocr_line' id='line_1_21' title="bbox 56 2871 241 2934; baseline 0 -10"><span class='ocrx_word' id='word_1_163' title='bbox 56 2871 103 2924; x_wconf 74' lang='lat' dir='ltr'><strong>Aa</strong></span> <span class='ocrx_word' id='word_1_164' title='bbox 120 2871 126 2884; x_wconf 92' lang='lat'>&#39;</span> <span class='ocrx_word' id='word_1_165' title='bbox 145 2908 152 2924; x_wconf 87' lang='lat'><strong>.</strong></span> <span class='ocrx_word' id='word_1_166' title='bbox 172 2871 195 2934; x_wconf 87' lang='lat' dir='ltr'><strong>I,</strong></span> <span class='ocrx_word' id='word_1_167' title='bbox 215 2875 241 2924; x_wconf 82' lang='lat'><strong>4.</strong></span> 
     </span>
     <span class='ocr_line' id='line_1_22' title="bbox 105 2879 1174 3018; baseline 0.004 -22"><span class='ocrx_word' id='word_1_168' title='bbox 105 2879 254 2997; x_wconf 54' lang='lat' dir='ltr'><strong>nqbameoh</strong></span> <span class='ocrx_word' id='word_1_169' title='bbox 268 2953 357 2998; x_wconf 85' lang='lat' dir='ltr'><strong>antem</strong></span> <span class='ocrx_word' id='word_1_170' title='bbox 370 2964 411 3018; x_wconf 73' lang='lat' dir='ltr'><strong>rps</strong></span> <span class='ocrx_word' id='word_1_171' title='bbox 426 2948 529 3000; x_wconf 68' lang='lat' dir='ltr'><strong>(limnas</strong></span> <span class='ocrx_word' id='word_1_172' title='bbox 543 2976 577 2988; x_wconf 87' lang='lat'>-</span> <span class='ocrx_word' id='word_1_173' title='bbox 595 2976 623 2986; x_wconf 94' lang='lat'>-</span> <span class='ocrx_word' id='word_1_174' title='bbox 640 2949 740 3001; x_wconf 85' lang='lat' dir='ltr'><strong>diluvio</strong></span> <span class='ocrx_word' id='word_1_175' title='bbox 753 2949 897 3016; x_wconf 84' lang='lat' dir='ltr'><strong>perierunt.</strong></span> <span class='ocrx_word' id='word_1_176' title='bbox 923 2947 993 3000; x_wconf 80' lang='lat' dir='ltr'><strong>Patr.</strong></span> <span class='ocrx_word' id='word_1_177' title='bbox 1008 2947 1076 3000; x_wconf 77' lang='lat' dir='ltr'><strong>Gom.</strong></span> <span class='ocrx_word' id='word_1_178' title='bbox 1090 2949 1114 3011; x_wconf 92' lang='lat' dir='ltr'><strong>I,</strong></span> <span class='ocrx_word' id='word_1_179' title='bbox 1129 2947 1174 3000; x_wconf 88' lang='grc'><strong>28.</strong></span> 
     </span>
     <span class='ocr_line' id='line_1_23' title="bbox 134 3020 1172 3090; baseline 0.004 -20"><span class='ocrx_word' id='word_1_180' title='bbox 134 3021 255 3072; x_wconf 87' lang='lat' dir='ltr'><strong>Fuerunt</strong></span> <span class='ocrx_word' id='word_1_181' title='bbox 267 3020 353 3072; x_wconf 82' lang='lat' dir='ltr'><strong>Adam</strong></span> <span class='ocrx_word' id='word_1_182' title='bbox 374 3026 401 3072; x_wconf 86' lang='lat' dir='ltr'><strong>et</strong></span> <span class='ocrx_word' id='word_1_183' title='bbox 418 3021 465 3072; x_wconf 85' lang='lat' dir='ltr'><strong>alii</strong></span> <span class='ocrx_word' id='word_1_184' title='bbox 483 3020 532 3073; x_wconf 89' lang='lat' dir='ltr'><strong>tilii</strong></span> <span class='ocrx_word' id='word_1_185' title='bbox 552 3049 585 3060; x_wconf 85' lang='lat'><em>-</em></span> <span class='ocrx_word' id='word_1_186' title='bbox 606 3050 640 3060; x_wconf 93' lang='lat'>-</span> <span class='ocrx_word' id='word_1_187' title='bbox 657 3023 691 3073; x_wconf 89' lang='lat' dir='ltr'><strong>ad</strong></span> <span class='ocrx_word' id='word_1_188' title='bbox 711 3023 782 3074; x_wconf 88' lang='lat' dir='ltr'><strong>mala</strong></span> <span class='ocrx_word' id='word_1_189' title='bbox 794 3023 928 3090; x_wconf 81' lang='lat' dir='ltr'><strong>progressi</strong></span> <span class='ocrx_word' id='word_1_190' title='bbox 941 3027 1015 3088; x_wconf 78' lang='lat' dir='ltr'><strong>sunt3</strong></span> <span class='ocrx_word' id='word_1_191' title='bbox 1041 3021 1095 3075; x_wconf 87' lang='lat' dir='ltr'><strong>Ios.</strong></span> <span class='ocrx_word' id='word_1_192' title='bbox 1111 3022 1172 3088; x_wconf 90' lang='grc' dir='ltr'><strong>Ι,4.</strong></span> 
     </span>
     <span class='ocr_line' id='line_1_24' title="bbox 134 3093 940 3160; baseline 0.002 -16"><span class='ocrx_word' id='word_1_193' title='bbox 134 3094 258 3145; x_wconf 83' lang='lat' dir='ltr'><strong>videntes</strong></span> <span class='ocrx_word' id='word_1_194' title='bbox 277 3094 348 3160; x_wconf 89' lang='lat' dir='ltr'><strong>quod</strong></span> <span class='ocrx_word' id='word_1_195' title='bbox 367 3093 417 3145; x_wconf 89' lang='lat' dir='ltr'><strong>filii</strong></span> <span class='ocrx_word' id='word_1_196' title='bbox 436 3094 501 3148; x_wconf 78' lang='lat' dir='ltr'><strong>Seth</strong></span> <span class='ocrx_word' id='word_1_197' title='bbox 521 3122 555 3132; x_wconf 98' lang='lat'>-</span> <span class='ocrx_word' id='word_1_198' title='bbox 575 3122 610 3133; x_wconf 95' lang='lat'>-</span> <span class='ocrx_word' id='word_1_199' title='bbox 628 3095 756 3148; x_wconf 80' lang='lat' dir='ltr'><strong>inducere</strong></span> <span class='ocrx_word' id='word_1_200' title='bbox 774 3097 802 3146; x_wconf 87' lang='lat' dir='ltr'><strong>iu</strong></span> <span class='ocrx_word' id='word_1_201' title='bbox 821 3099 940 3148; x_wconf 78' lang='lat' dir='ltr'><strong>aream?</strong></span> 
     </span>
     <span class='ocr_line' id='line_1_25' title="bbox 134 3157 1172 3233; baseline 0.006 -16"><span class='ocrx_word' id='word_1_202' title='bbox 134 3157 334 3222; x_wconf 71' lang='lat' dir='ltr'><strong>S&#39;exoentesimo</strong></span> <span class='ocrx_word' id='word_1_203' title='bbox 354 3168 445 3233; x_wconf 85' lang='lat' dir='ltr'><strong>itaque</strong></span> <span class='ocrx_word' id='word_1_204' title='bbox 464 3170 536 3221; x_wconf 80' lang='lat' dir='ltr'><strong>vitae</strong></span> <span class='ocrx_word' id='word_1_205' title='bbox 555 3185 602 3220; x_wconf 86' lang='lat' dir='ltr'><strong>sue</strong></span> <span class='ocrx_word' id='word_1_206' title='bbox 621 3185 690 3221; x_wconf 90' lang='lat' dir='ltr'><strong>anno</strong></span> <span class='ocrx_word' id='word_1_207' title='bbox 711 3197 745 3207; x_wconf 90' lang='lat'><em>—</em></span> <span class='ocrx_word' id='word_1_208' title='bbox 765 3197 792 3207; x_wconf 93' lang='lat'>-</span> <span class='ocrx_word' id='word_1_209' title='bbox 816 3168 864 3221; x_wconf 84' lang='lat' dir='ltr'><strong>sed</strong></span> <span class='ocrx_word' id='word_1_210' title='bbox 883 3185 975 3222; x_wconf 88' lang='lat' dir='ltr'><strong>semen</strong></span> <span class='ocrx_word' id='word_1_211' title='bbox 994 3171 1059 3222; x_wconf 90' lang='lat' dir='ltr'><strong>eius.</strong></span> <span class='ocrx_word' id='word_1_212' title='bbox 1100 3170 1172 3224; x_wconf 75' lang='lat' dir='ltr'><strong>Patr.</strong></span> 
     </span>
     <span class='ocr_line' id='line_1_26' title="bbox 59 3237 314 3303; baseline 0.008 -13"><span class='ocrx_word' id='word_1_213' title='bbox 59 3237 131 3292; x_wconf 79' lang='lat' dir='ltr'><strong>Oom.</strong></span> <span class='ocrx_word' id='word_1_214' title='bbox 152 3239 176 3303; x_wconf 89' lang='lat'><strong>1,</strong></span> <span class='ocrx_word' id='word_1_215' title='bbox 196 3241 314 3292; x_wconf 84' lang='grc'><strong>33-36.</strong></span> 
     </span>
     <span class='ocr_line' id='line_1_27' title="bbox 133 3314 1172 3384; baseline 0.008 -19"><span class='ocrx_word' id='word_1_216' title='bbox 133 3314 209 3365; x_wconf 86' lang='lat' dir='ltr'><strong>Vixit</strong></span> <span class='ocrx_word' id='word_1_217' title='bbox 232 3314 324 3380; x_wconf 89' lang='lat' dir='ltr'><strong>itaque</strong></span> <span class='ocrx_word' id='word_1_218' title='bbox 343 3315 401 3366; x_wconf 89' lang='lat' dir='ltr'><strong>Noe</strong></span> <span class='ocrx_word' id='word_1_219' title='bbox 426 3342 461 3352; x_wconf 91' lang='lat'>-</span> <span class='ocrx_word' id='word_1_220' title='bbox 488 3342 519 3352; x_wconf 96' lang='lat'>-</span> <span class='ocrx_word' id='word_1_221' title='bbox 545 3316 674 3368; x_wconf 88' lang='lat' dir='ltr'><strong>babentes</strong></span> <span class='ocrx_word' id='word_1_222' title='bbox 698 3331 778 3384; x_wconf 89' lang='lat' dir='ltr'><strong>super</strong></span> <span class='ocrx_word' id='word_1_223' title='bbox 802 3329 832 3367; x_wconf 87' lang='lat' dir='ltr'><strong>se</strong></span> <span class='ocrx_word' id='word_1_224' title='bbox 856 3321 910 3367; x_wconf 86' lang='lat' dir='ltr'><strong>tres</strong></span> <span class='ocrx_word' id='word_1_225' title='bbox 936 3315 1018 3367; x_wconf 82' lang='lat' dir='ltr'><strong>duces</strong></span> <span class='ocrx_word' id='word_1_226' title='bbox 1036 3317 1172 3373; x_wconf 79' lang='lat' dir='ltr'><strong>Nemroth.</strong></span> 
     </span>
     <span class='ocr_line' id='line_1_28' title="bbox 59 3387 451 3458; baseline 0.003 -20"><span class='ocrx_word' id='word_1_227' title='bbox 59 3389 155 3438; x_wconf 86' lang='lat' dir='ltr'><strong>Ieetan</strong></span> <span class='ocrx_word' id='word_1_228' title='bbox 175 3392 203 3437; x_wconf 89' lang='lat' dir='ltr'><strong>et</strong></span> <span class='ocrx_word' id='word_1_229' title='bbox 221 3387 356 3458; x_wconf 62' lang='lat' dir='ltr'><strong>Satisne?</strong></span> <span class='ocrx_word' id='word_1_230' title='bbox 447 3420 451 3426; x_wconf 92' lang='lat'>-</span> 
     </span>
     <span class='ocr_line' id='line_1_29' title="bbox 132 3459 1171 3529; baseline 0.004 -19"><span class='ocrx_word' id='word_1_231' title='bbox 132 3461 168 3512; x_wconf 81' lang='lat' dir='ltr'><strong>Et</strong></span> <span class='ocrx_word' id='word_1_232' title='bbox 177 3461 282 3528; x_wconf 88' lang='lat' dir='ltr'><strong>impleti</strong></span> <span class='ocrx_word' id='word_1_233' title='bbox 290 3467 353 3512; x_wconf 90' lang='lat' dir='ltr'><strong>sunt</strong></span> <span class='ocrx_word' id='word_1_234' title='bbox 362 3461 420 3513; x_wconf 86' lang='lat' dir='ltr'><strong>dies</strong></span> <span class='ocrx_word' id='word_1_235' title='bbox 428 3463 486 3514; x_wconf 84' lang='lat' dir='ltr'><strong>Noe</strong></span> <span class='ocrx_word' id='word_1_236' title='bbox 501 3489 534 3499; x_wconf 88' lang='lat'>—</span> <span class='ocrx_word' id='word_1_237' title='bbox 546 3489 579 3500; x_wconf 92' lang='lat'><strong>·-</strong></span> <span class='ocrx_word' id='word_1_238' title='bbox 590 3463 720 3529; x_wconf 78' lang='lat' dir='ltr'><strong>usquead</strong></span> <span class='ocrx_word' id='word_1_239' title='bbox 737 3461 834 3513; x_wconf 82' lang='lat' dir='ltr'><strong>caelos.</strong></span> <span class='ocrx_word' id='word_1_240' title='bbox 863 3460 933 3512; x_wconf 78' lang='lat' dir='ltr'><strong>Patr.</strong></span> <span class='ocrx_word' id='word_1_241' title='bbox 946 3459 1015 3512; x_wconf 75' lang='lat' dir='ltr'><strong>Gom.</strong></span> <span class='ocrx_word' id='word_1_242' title='bbox 1027 3460 1050 3528; x_wconf 86' lang='lat' dir='ltr'><strong>I,</strong></span> <span class='ocrx_word' id='word_1_243' title='bbox 1070 3463 1115 3514; x_wconf 84' lang='grc'><strong>36.</strong></span> <span class='ocrx_word' id='word_1_244' title='bbox 1126 3462 1171 3514; x_wconf 88' lang='grc'><strong>38.</strong></span> 
     </span>
     <span class='ocr_line' id='line_1_30' title="bbox 134 3534 1120 3602; baseline 0.002 -16"><span class='ocrx_word' id='word_1_245' title='bbox 134 3535 263 3586; x_wconf 79' lang='lat' dir='ltr'><strong>Sumebat</strong></span> <span class='ocrx_word' id='word_1_246' title='bbox 282 3549 346 3600; x_wconf 87' lang='lat' dir='ltr'><strong>ergo</strong></span> <span class='ocrx_word' id='word_1_247' title='bbox 365 3535 478 3587; x_wconf 86' lang='lat' dir='ltr'><strong>altitudo</strong></span> <span class='ocrx_word' id='word_1_248' title='bbox 500 3564 530 3573; x_wconf 95' lang='lat'>—</span> <span class='ocrx_word' id='word_1_249' title='bbox 551 3562 587 3573; x_wconf 90' lang='lat'>-</span> <span class='ocrx_word' id='word_1_250' title='bbox 606 3552 681 3587; x_wconf 90' lang='lat' dir='ltr'><strong>suam</strong></span> <span class='ocrx_word' id='word_1_251' title='bbox 699 3543 763 3587; x_wconf 87' lang='lat' dir='ltr'><strong>tune</strong></span> <span class='ocrx_word' id='word_1_252' title='bbox 782 3536 938 3590; x_wconf 86' lang='lat' dir='ltr'><strong>habuerunt.</strong></span> <span class='ocrx_word' id='word_1_253' title='bbox 976 3534 1029 3586; x_wconf 81' lang='lat' dir='ltr'><strong>Ios.</strong></span> <span class='ocrx_word' id='word_1_254' title='bbox 1050 3534 1073 3602; x_wconf 88' lang='lat' dir='ltr'><strong>J,</strong></span> <span class='ocrx_word' id='word_1_255' title='bbox 1094 3538 1120 3589; x_wconf 88' lang='grc'><strong>3.</strong></span> 
     </span>
     <span class='ocr_line' id='line_1_31' title="bbox 2 3607 1171 3675; baseline 0.004 -18"><span class='ocrx_word' id='word_1_256' title='bbox 2 3614 5 3668; x_wconf 70' lang='grc' dir='ltr'><strong><em>ζ</em></strong></span> <span class='ocrx_word' id='word_1_257' title='bbox 133 3607 222 3659; x_wconf 82' lang='lat' dir='ltr'><strong>Divisi</strong></span> <span class='ocrx_word' id='word_1_258' title='bbox 240 3614 302 3659; x_wconf 85' lang='lat' dir='ltr'><strong>sunt</strong></span> <span class='ocrx_word' id='word_1_259' title='bbox 320 3635 351 3645; x_wconf 88' lang='lat'>-</span> <span class='ocrx_word' id='word_1_260' title='bbox 375 3635 408 3645; x_wconf 88' lang='lat'><strong>-—</strong></span> <span class='ocrx_word' id='word_1_261' title='bbox 428 3608 624 3661; x_wconf 87' lang='lat' dir='ltr'><strong>mediterranea</strong></span> <span class='ocrx_word' id='word_1_262' title='bbox 636 3610 715 3661; x_wconf 90' lang='lat' dir='ltr'><strong>simul</strong></span> <span class='ocrx_word' id='word_1_263' title='bbox 734 3615 814 3675; x_wconf 86' lang='lat' dir='ltr'><strong>atque</strong></span> <span class='ocrx_word' id='word_1_264' title='bbox 834 3609 975 3660; x_wconf 85' lang='lat' dir='ltr'><strong>maritima.</strong></span> <span class='ocrx_word' id='word_1_265' title='bbox 1011 3607 1076 3662; x_wconf 79' lang='lat' dir='ltr'><strong>ibid.</strong></span> <span class='ocrx_word' id='word_1_266' title='bbox 1090 3627 1112 3662; x_wconf 85' lang='lat' dir='ltr'><strong>c.</strong></span> <span class='ocrx_word' id='word_1_267' title='bbox 1128 3611 1171 3663; x_wconf 87' lang='lat'><strong>10.</strong></span> 
     </span>
     <span class='ocr_line' id='line_1_32' title="bbox 24 3637 1171 3752; baseline 0.002 -17.961"><span class='ocrx_word' id='word_1_268' title='bbox 24 3637 53 3722; x_wconf 52' lang='lat' dir='ltr'><strong>i</strong></span> <span class='ocrx_word' id='word_1_269' title='bbox 134 3681 212 3742; x_wconf 78' lang='lat' dir='ltr'><strong>Quod</strong></span> <span class='ocrx_word' id='word_1_270' title='bbox 232 3689 321 3733; x_wconf 86' lang='lat' dir='ltr'><strong>sutem</strong></span> <span class='ocrx_word' id='word_1_271' title='bbox 341 3681 461 3733; x_wconf 84' lang='lat' dir='ltr'><strong>subditur</strong></span> <span class='ocrx_word' id='word_1_272' title='bbox 486 3682 520 3734; x_wconf 89' lang='lat' dir='ltr'><strong>de</strong></span> <span class='ocrx_word' id='word_1_273' title='bbox 544 3689 615 3734; x_wconf 89' lang='lat' dir='ltr'><strong>terra</strong></span> <span class='ocrx_word' id='word_1_274' title='bbox 634 3683 754 3735; x_wconf 85' lang='lat' dir='ltr'><strong>Sennaar</strong></span> <span class='ocrx_word' id='word_1_275' title='bbox 773 3708 807 3720; x_wconf 92' lang='lat'>-</span> <span class='ocrx_word' id='word_1_276' title='bbox 828 3709 861 3719; x_wconf 91' lang='lat'>-</span> <span class='ocrx_word' id='word_1_277' title='bbox 880 3698 965 3752; x_wconf 88' lang='lat' dir='ltr'><strong>usque</strong></span> <span class='ocrx_word' id='word_1_278' title='bbox 991 3682 1026 3733; x_wconf 90' lang='lat' dir='ltr'><strong>ad</strong></span> <span class='ocrx_word' id='word_1_279' title='bbox 1052 3690 1171 3750; x_wconf 83' lang='lat' dir='ltr'><strong>quartam</strong></span> 
     </span>
     <span class='ocr_line' id='line_1_33' title="bbox 58 3751 498 3807; baseline 0.011 -5"><span class='ocrx_word' id='word_1_280' title='bbox 58 3751 195 3807; x_wconf 85' lang='lat' dir='ltr'><strong>eiliadem.</strong></span> <span class='ocrx_word' id='word_1_281' title='bbox 233 3753 305 3806; x_wconf 75' lang='lat' dir='ltr'><strong>Patr.</strong></span> <span class='ocrx_word' id='word_1_282' title='bbox 326 3753 394 3807; x_wconf 74' lang='lat' dir='ltr'><strong>Com.</strong></span> <span class='ocrx_word' id='word_1_283' title='bbox 414 3772 436 3807; x_wconf 88' lang='lat' dir='ltr'><strong>o.</strong></span> <span class='ocrx_word' id='word_1_284' title='bbox 454 3754 498 3807; x_wconf 87' lang='grc'><strong>38.</strong></span> 
     </span>
     <span class='ocr_line' id='line_1_34' title="bbox 24 3826 1170 3892; baseline 0.007 -16"><span class='ocrx_word' id='word_1_285' title='bbox 24 3877 28 3886; x_wconf 73' lang='grc'>,</span> <span class='ocrx_word' id='word_1_286' title='bbox 133 3826 244 3878; x_wconf 85' lang='lat' dir='ltr'><strong>Interim</strong></span> <span class='ocrx_word' id='word_1_287' title='bbox 258 3843 321 3879; x_wconf 86' lang='lat' dir='ltr'><strong>vero</strong></span> <span class='ocrx_word' id='word_1_288' title='bbox 341 3829 512 3880; x_wconf 88' lang='lat' dir='ltr'><strong>obtinuerunt</strong></span> <span class='ocrx_word' id='word_1_289' title='bbox 533 3856 563 3866; x_wconf 93' lang='lat'><em>-</em></span> <span class='ocrx_word' id='word_1_290' title='bbox 585 3857 619 3866; x_wconf 95' lang='lat'>-</span> <span class='ocrx_word' id='word_1_291' title='bbox 638 3830 721 3881; x_wconf 87' lang='lat' dir='ltr'><strong>libros</strong></span> <span class='ocrx_word' id='word_1_292' title='bbox 740 3830 796 3880; x_wconf 86' lang='lat' dir='ltr'><strong>eius</strong></span> <span class='ocrx_word' id='word_1_293' title='bbox 817 3828 969 3892; x_wconf 81' lang='lat' dir='ltr'><strong>combussit.</strong></span> <span class='ocrx_word' id='word_1_294' title='bbox 1006 3827 1071 3882; x_wconf 77' lang='lat' dir='ltr'><strong>ibid.</strong></span> <span class='ocrx_word' id='word_1_295' title='bbox 1091 3849 1112 3882; x_wconf 82' lang='lat' dir='ltr'><strong>c.</strong></span> <span class='ocrx_word' id='word_1_296' title='bbox 1127 3832 1170 3884; x_wconf 80' lang='lat'><strong>39.</strong></span> 
     </span>
     <span class='ocr_line' id='line_1_35' title="bbox 133 3900 1171 3970; baseline 0.005 -19"><span class='ocrx_word' id='word_1_297' title='bbox 133 3900 179 3951; x_wconf 81' lang='lat' dir='ltr'><strong>Ab</strong></span> <span class='ocrx_word' id='word_1_298' title='bbox 194 3901 290 3952; x_wconf 87' lang='lat' dir='ltr'><strong>eodem</strong></span> <span class='ocrx_word' id='word_1_299' title='bbox 309 3903 419 3954; x_wconf 83' lang='lat' dir='ltr'><strong>inventa</strong></span> <span class='ocrx_word' id='word_1_300' title='bbox 436 3909 499 3954; x_wconf 89' lang='lat' dir='ltr'><strong>sunt</strong></span> <span class='ocrx_word' id='word_1_301' title='bbox 515 3902 596 3970; x_wconf 83' lang='lat' dir='ltr'><strong>ydola</strong></span> <span class='ocrx_word' id='word_1_302' title='bbox 619 3931 652 3942; x_wconf 93' lang='lat'>-</span> <span class='ocrx_word' id='word_1_303' title='bbox 681 3930 711 3940; x_wconf 94' lang='lat'>-</span> <span class='ocrx_word' id='word_1_304' title='bbox 737 3905 868 3969; x_wconf 77' lang='lat' dir='ltr'><strong>imagines</strong></span> <span class='ocrx_word' id='word_1_305' title='bbox 894 3901 1059 3954; x_wconf 81' lang='lat' dir='ltr'><strong>dedicarunt.</strong></span> <span class='ocrx_word' id='word_1_306' title='bbox 1099 3904 1171 3957; x_wconf 76' lang='lat' dir='ltr'><strong>Patr.</strong></span> 
     </span>
     <span class='ocr_line' id='line_1_36' title="bbox 59 3970 236 4025; baseline -0.006 -1"><span class='ocrx_word' id='word_1_307' title='bbox 59 3970 131 4025; x_wconf 64' lang='lat' dir='ltr'><strong>(ivm.</strong></span> <span class='ocrx_word' id='word_1_308' title='bbox 151 3990 172 4024; x_wconf 83' lang='lat' dir='ltr'><strong>c.</strong></span> <span class='ocrx_word' id='word_1_309' title='bbox 191 3975 236 4024; x_wconf 83' lang='lat'><strong>40.</strong></span> 
     </span>
     <span class='ocr_line' id='line_1_37' title="bbox 132 4047 1169 4116; baseline 0.005 -18"><span class='ocrx_word' id='word_1_310' title='bbox 132 4047 260 4099; x_wconf 79' lang='lat' dir='ltr'><strong>Exortum</strong></span> <span class='ocrx_word' id='word_1_311' title='bbox 271 4053 312 4100; x_wconf 91' lang='lat' dir='ltr'><strong>sst</strong></span> <span class='ocrx_word' id='word_1_312' title='bbox 321 4054 410 4100; x_wconf 86' lang='lat' dir='ltr'><strong>autern</strong></span> <span class='ocrx_word' id='word_1_313' title='bbox 420 4065 529 4116; x_wconf 84' lang='lat' dir='ltr'><strong>reguum</strong></span> <span class='ocrx_word' id='word_1_314' title='bbox 541 4049 707 4116; x_wconf 79' lang='lat' dir='ltr'><strong>Assyriorum</strong></span> <span class='ocrx_word' id='word_1_315' title='bbox 718 4075 753 4086; x_wconf 91' lang='lat'><em>-</em></span> <span class='ocrx_word' id='word_1_316' title='bbox 765 4076 796 4086; x_wconf 92' lang='lat'>-</span> <span class='ocrx_word' id='word_1_317' title='bbox 809 4065 856 4116; x_wconf 85' lang='lat' dir='ltr'><strong>per</strong></span> <span class='ocrx_word' id='word_1_318' title='bbox 865 4063 943 4114; x_wconf 89' lang='lat' dir='ltr'><strong>reges</strong></span> <span class='ocrx_word' id='word_1_319' title='bbox 954 4050 999 4102; x_wconf 86' lang='grc'><strong>37.</strong></span> <span class='ocrx_word' id='word_1_320' title='bbox 1015 4047 1079 4103; x_wconf 78' lang='lat' dir='ltr'><strong>ibid.</strong></span> <span class='ocrx_word' id='word_1_321' title='bbox 1089 4067 1111 4104; x_wconf 88' lang='lat' dir='ltr'><strong>o.</strong></span> <span class='ocrx_word' id='word_1_322' title='bbox 1123 4050 1169 4103; x_wconf 87' lang='grc'><strong>48.</strong></span> 
     </span>
    </p>
   </div>
   <div class='ocr_carea' id='block_1_6' title="bbox 3 4161 1171 4486">
    <p class='ocr_par' dir='ltr' id='par_1_6' title="bbox 3 4161 1171 4486">
     <span class='ocr_line' id='line_1_38' title="bbox 3 4161 1171 4248; baseline 0.003 -14"><span class='ocrx_word' id='word_1_323' title='bbox 3 4231 4 4234; x_wconf 74' lang='grc'>,</span> <span class='ocrx_word' id='word_1_324' title='bbox 26 4161 42 4184; x_wconf 73' lang='grc'><em>”</em></span> <span class='ocrx_word' id='word_1_325' title='bbox 58 4191 82 4243; x_wconf 69' lang='grc' dir='ltr'><strong>ι)</strong></span> <span class='ocrx_word' id='word_1_326' title='bbox 106 4193 138 4233; x_wconf 73' lang='lat' dir='ltr'><strong>aa</strong></span> <span class='ocrx_word' id='word_1_327' title='bbox 155 4193 173 4232; x_wconf 81' lang='lat' dir='ltr'><strong>a</strong></span> <span class='ocrx_word' id='word_1_328' title='bbox 189 4196 210 4234; x_wconf 87' lang='lat'><strong>1.</strong></span> <span class='ocrx_word' id='word_1_329' title='bbox 226 4194 282 4243; x_wconf 75' lang='lat' dir='ltr'><strong>or,-</strong></span> <span class='ocrx_word' id='word_1_330' title='bbox 305 4206 361 4245; x_wconf 61' lang='lat' dir='ltr'><strong>quaa</strong></span> <span class='ocrx_word' id='word_1_331' title='bbox 375 4200 463 4246; x_wconf 62' lang='lat' dir='ltr'><strong>nsaw</strong></span> <span class='ocrx_word' id='word_1_332' title='bbox 479 4195 539 4235; x_wconf 76' lang='lat' dir='ltr'><strong>aeuo</strong></span> <span class='ocrx_word' id='word_1_333' title='bbox 558 4196 623 4236; x_wconf 60' lang='lat' dir='ltr'><strong>coam</strong></span> <span class='ocrx_word' id='word_1_334' title='bbox 637 4209 657 4235; x_wconf 76' lang='lat' dir='ltr'><strong>v.</strong></span> <span class='ocrx_word' id='word_1_335' title='bbox 678 4197 703 4236; x_wconf 71' lang='lat' dir='ltr'><strong>a</strong></span> <span class='ocrx_word' id='word_1_336' title='bbox 715 4195 862 4247; x_wconf 60' lang='lat' dir='ltr'><strong>praesulem.</strong></span> <span class='ocrx_word' id='word_1_337' title='bbox 945 4194 968 4247; x_wconf 79' lang='lat' dir='ltr'><strong>a)</strong></span> <span class='ocrx_word' id='word_1_338' title='bbox 990 4197 1046 4236; x_wconf 58' lang='lat' dir='ltr'><strong>aaa</strong></span> <span class='ocrx_word' id='word_1_339' title='bbox 1068 4197 1171 4248; x_wconf 56' lang='lat' dir='ltr'><strong>amana</strong></span> 
     </span>
     <span class='ocr_line' id='line_1_39' title="bbox 3 4237 1170 4308; baseline 0.005 -17"><span class='ocrx_word' id='word_1_340' title='bbox 3 4237 5 4276; x_wconf 65' lang='lat' dir='ltr'><strong>l</strong></span> <span class='ocrx_word' id='word_1_341' title='bbox 57 4253 137 4301; x_wconf 61' lang='lat' dir='ltr'><strong>quom</strong></span> <span class='ocrx_word' id='word_1_342' title='bbox 159 4258 357 4305; x_wconf 71' lang='lat' dir='ltr'><strong>repraesentamur,</strong></span> <span class='ocrx_word' id='word_1_343' title='bbox 376 4256 450 4304; x_wconf 74' lang='lat' dir='ltr'><strong>prima</strong></span> <span class='ocrx_word' id='word_1_344' title='bbox 472 4255 588 4306; x_wconf 80' lang='lat' dir='ltr'><strong>Nemroth‚</strong></span> <span class='ocrx_word' id='word_1_345' title='bbox 612 4257 693 4303; x_wconf 75' lang='lat' dir='ltr'><strong>Ninus,</strong></span> <span class='ocrx_word' id='word_1_346' title='bbox 718 4255 859 4305; x_wconf 81' lang='lat' dir='ltr'><strong>Semiramis,</strong></span> <span class='ocrx_word' id='word_1_347' title='bbox 882 4255 952 4295; x_wconf 81' lang='lat' dir='ltr'><strong>altera</strong></span> <span class='ocrx_word' id='word_1_348' title='bbox 975 4255 1068 4307; x_wconf 78' lang='lat' dir='ltr'><strong>Darius,</strong></span> <span class='ocrx_word' id='word_1_349' title='bbox 1090 4255 1170 4308; x_wconf 78' lang='lat' dir='ltr'><strong>Cyrus,</strong></span> 
     </span>
     <span class='ocr_line' id='line_1_40' title="bbox 3 4307 1170 4368; baseline 0.003 -17"><span class='ocrx_word' id='word_1_350' title='bbox 3 4307 4 4358; x_wconf 72' lang='grc' dir='ltr'>Ϊ</span> <span class='ocrx_word' id='word_1_351' title='bbox 58 4310 193 4352; x_wconf 72' lang='lat' dir='ltr'><strong>Alexander</strong></span> <span class='ocrx_word' id='word_1_352' title='bbox 207 4313 305 4362; x_wconf 77' lang='lat' dir='ltr'><strong>Magnus</strong></span> <span class='ocrx_word' id='word_1_353' title='bbox 319 4315 451 4363; x_wconf 74' lang='lat' dir='ltr'><strong>praemissae</strong></span> <span class='ocrx_word' id='word_1_354' title='bbox 465 4320 516 4355; x_wconf 74' lang='lat' dir='ltr'><strong>eum</strong></span> <span class='ocrx_word' id='word_1_355' title='bbox 532 4315 552 4353; x_wconf 87' lang='lat' dir='ltr'><em>B</em></span> <span class='ocrx_word' id='word_1_356' title='bbox 568 4316 587 4355; x_wconf 92' lang='lat'><strong>1.</strong></span> <span class='ocrx_word' id='word_1_357' title='bbox 605 4315 622 4354; x_wconf 91' lang='lat'><strong><em>0</em></strong></span> <span class='ocrx_word' id='word_1_358' title='bbox 636 4317 656 4355; x_wconf 78' lang='grc'><strong>2.</strong></span> <span class='ocrx_word' id='word_1_359' title='bbox 723 4312 744 4365; x_wconf 85' lang='lat' dir='ltr'><strong>o)</strong></span> <span class='ocrx_word' id='word_1_360' title='bbox 760 4315 837 4354; x_wconf 78' lang='lat' dir='ltr'><strong>iterum</strong></span> <span class='ocrx_word' id='word_1_361' title='bbox 851 4314 907 4352; x_wconf 76' lang='lat' dir='ltr'><strong>does</strong></span> <span class='ocrx_word' id='word_1_362' title='bbox 922 4314 1007 4354; x_wconf 74' lang='lat' dir='ltr'><strong>tabulas</strong></span> <span class='ocrx_word' id='word_1_363' title='bbox 1022 4315 1102 4355; x_wconf 63' lang='lat' dir='ltr'><strong>atita</strong></span> <span class='ocrx_word' id='word_1_364' title='bbox 1117 4316 1170 4368; x_wconf 85' lang='lat' dir='ltr'><strong>Bt,</strong></span> 
     </span>
     <span class='ocr_line' id='line_1_41' title="bbox 3 4368 1170 4427; baseline 0.002 -13"><span class='ocrx_word' id='word_1_365' title='bbox 3 4381 5 4414; x_wconf 73' lang='grc' dir='ltr'>ι</span> <span class='ocrx_word' id='word_1_366' title='bbox 59 4368 154 4422; x_wconf 72' lang='lat' dir='ltr'><strong>(mauors</strong></span> <span class='ocrx_word' id='word_1_367' title='bbox 163 4369 221 4422; x_wconf 80' lang='lat'><strong>02),·</strong></span> <span class='ocrx_word' id='word_1_368' title='bbox 236 4373 260 4412; x_wconf 78' lang='lat' dir='ltr'><strong>tn</strong></span> <span class='ocrx_word' id='word_1_369' title='bbox 272 4374 346 4422; x_wconf 76' lang='lat' dir='ltr'><strong>prima</strong></span> <span class='ocrx_word' id='word_1_370' title='bbox 361 4373 481 4426; x_wconf 81' lang='lat' dir='ltr'><strong>Romulus,</strong></span> <span class='ocrx_word' id='word_1_371' title='bbox 497 4374 636 4416; x_wconf 73' lang='lat' dir='ltr'><strong>Octavianus</strong></span> <span class='ocrx_word' id='word_1_372' title='bbox 652 4374 723 4416; x_wconf 79' lang='lat' dir='ltr'><strong>cesar</strong></span> <span class='ocrx_word' id='word_1_373' title='bbox 738 4373 861 4425; x_wconf 76' lang='lat' dir='ltr'><strong>Augustus,</strong></span> <span class='ocrx_word' id='word_1_374' title='bbox 877 4373 951 4414; x_wconf 82' lang='lat' dir='ltr'><strong>Iulius</strong></span> <span class='ocrx_word' id='word_1_375' title='bbox 967 4373 1044 4427; x_wconf 78' lang='lat' dir='ltr'><strong>Cesar,</strong></span> <span class='ocrx_word' id='word_1_376' title='bbox 1060 4375 1085 4415; x_wconf 81' lang='lat' dir='ltr'><strong>ia</strong></span> <span class='ocrx_word' id='word_1_377' title='bbox 1099 4375 1170 4416; x_wconf 79' lang='lat' dir='ltr'><strong>alteru</strong></span> 
     </span>
     <span class='ocr_line' id='line_1_42' title="bbox 3 4426 430 4486; baseline 0.016 -20"><span class='ocrx_word' id='word_1_378' title='bbox 3 4433 5 4486; x_wconf 52' lang='grc' dir='ltr'>ζ</span> <span class='ocrx_word' id='word_1_379' title='bbox 61 4426 136 4470; x_wconf 75' lang='lat' dir='ltr'><strong>Adam</strong></span> <span class='ocrx_word' id='word_1_380' title='bbox 151 4433 171 4469; x_wconf 79' lang='lat' dir='ltr'><strong>et</strong></span> <span class='ocrx_word' id='word_1_381' title='bbox 186 4429 241 4472; x_wconf 80' lang='lat' dir='ltr'><strong>Seth</strong></span> <span class='ocrx_word' id='word_1_382' title='bbox 256 4431 357 4472; x_wconf 60' lang='lat' dir='ltr'><strong>delineas·</strong></span> <span class='ocrx_word' id='word_1_383' title='bbox 371 4439 430 4473; x_wconf 74' lang='lat' dir='ltr'><strong>aaut.</strong></span> 
     </span>
    </p>
   </div>
   <div class='ocr_carea' id='block_1_7' title="bbox 925 4505 938 4566">
    <p class='ocr_par' dir='ltr' id='par_1_7' title="bbox 925 4505 938 4566">
     <span class='ocr_line' id='line_1_43' title="bbox 925 4505 938 4566; baseline 0 0"><span class='ocrx_word' id='word_1_384' title='bbox 925 4505 938 4566; x_wconf 91' lang='lat'>1</span> 
     </span>
    </p>
   </div>
   <div class='ocr_carea' id='block_1_8' title="bbox 3 4537 5 4564">
    <p class='ocr_par' dir='ltr' id='par_1_8' title="bbox 3 4537 5 4564">
     <span class='ocr_line' id='line_1_44' title="bbox 3 4537 5 4548; baseline 0 0"><span class='ocrx_word' id='word_1_385' title='bbox 3 4537 5 4548; x_wconf 67' lang='lat' dir='ltr'><strong>l</strong></span> 
     </span>
     <span class='ocr_line' id='line_1_45' title="bbox 3 4553 5 4564; baseline 0 -3"><span class='ocrx_word' id='word_1_386' title='bbox 3 4553 5 4564; x_wconf 61' lang='lat' dir='ltr'><strong>r,</strong></span> 
     </span>
    </p>
   </div>
   <div class='ocr_carea' id='block_1_9' title="bbox 0 0 1476 4998">
    <p class='ocr_par' dir='ltr' id='par_1_9' title="bbox 0 0 1476 4998">
     <span class='ocr_line' id='line_1_46' title="bbox 0 0 1476 4998; baseline 0 2"><span class='ocrx_word' id='word_1_387' title='bbox 0 0 1476 4998; x_wconf 95' lang='lat' dir='ltr'><strong> </strong></span> 
     </span>
    </p>
   </div>
  </div>
 </body>
</html>
