2970 4996
290 387 342 437 132
385 385 572 438 CHRONIOA
590 386 702 438 asam
723 385 973 439 COLONIENSIS.
994 384 1097 438 ΟΟΝΤ.
1117 383 1334 436 n.1181.1182.

621 559 789 612 Beccnrio
809 558 833 610 I.
853 560 947 611 codd.
967 557 1028 611 Aa.
1051 557 1077 610 0.

374 625 599 692 Christianus8¹
628 627 835 712 Mogontinus
865 627 1047 712 episcopus,
1085 625 1159 690 dato
1188 647 1252 692 non
1281 624 1417 689 modico

289 721 437 796 argento,
468 711 652 797 captivitate
680 710 842 776 solvitur1.
929 710 1110 796 Expedicio
1143 709 1346 794 imperatoris
1379 710 1417 772 in

290 795 478 860 Saxoniam.
544 792 684 859 Castella
726 795 817 859 ducis
858 793 999 880 plurima
1043 793 1246 858 dedicionem
1281 793 1417 878 imperii

289 879 420 962 faciunt,
461 879 565 943 omnis
590 900 631 942 ue
665 878 807 944 Saxonia
843 901 862 942 a
898 877 980 943 duce
1016 877 1169 942 deficiens
1205 877 1417 962 imperatoris

289 964 426 1050 gratiam
456 962 545 1026 adire
567 900 729 1028 lestinatb.
774 961 862 1043 Quid
888 961 1002 1112 lium?
1031 961 1089 1026 Illo
1116 960 1278 1048 quondam
1311 960 1417 1025 famo-

291 1048 436 1111 sissimus
467 1056 519 1110 et⁰
554 1047 796 1131 potentissimus
827 1047 860 1108 in
923 1068 1038 1111 omano
1059 1046 1195 1130 imperio
1218 1045 1287 1109 dux
1312 1045 1418 1108 Hein-

289 1132 388 1214 riouS,
409 1131 473 1194 Dei
488 1128 652 1194 voluntate
674 1131 857 1194 humiliatus
880 1139 912 1194 et
933 1130 1085 1211 deiectus,
1108 1131 1238 1194 tandem
1260 1128 1302 1192 ad
1324 1127 1420 1192 dedi-

292 1215 418 1278 cionem
429 1215 526 1296 venit,
543 1214 706 1278 sentencia
720 1222 910 1278 cunctorum
918 1214 1103 1299 principum
1115 1215 1245 1277 nomine
1260 1222 1291 1276 ct
1306 1211 1420 1276 officio

291 1297 383 1362 ducis
394 1299 549 1383 privatur,
561 1298 635 1382 quic
660 1297 716 1360 uid
727 1298 769 1363 ab
779 1298 915 1383 imperio
927 1297 981 1362 vel
992 1299 1152 1383 episcopis
1163 1296 1421 1361 beneficiorumd

290 1381 405 1446 habuit
426 1382 456 1444 ei
478 1383 630 1462 aufertur,
691 1381 764 1446 ibus
779 1382 907 1466 imperii
921 1380 1024 1445 tribus
1039 1383 1131 1444 annis
1149 1380 1261 1445 cedere
1278 1381 1422 1464 cogitur.

292 1464 493 1531 Alexander⁶
503 1487 591 1551 papa
602 1464 703 1546 obiitf3
716 1467 770 1529 cui
781 1465 899 1528 Lucius
909 1464 1067 1530 Ostiensis
1079 1466 1248 1549 episcopus
1260 1464 1417 1534 succedit.

604 1549 701 1638 [ΒΜ]
745 1551 841 1612 Anno
863 1547 997 1612 Domini
1020 1549 1113 1613 1182.

377 1632 556 1718 Imperator
584 1631 689 1696 natale
710 1632 843 1696 Domini
864 1632 1075 1697 Merseburch
1096 1631 1247 1696 celebrat.
1336 1632 1422 1696 Dux

295 1717 456 1782 Saxoniae
475 1715 629 1781 exiliumh
644 1715 782 1799 subiens,
798 1718 831 1779 in
839 1715 989 1802 Angliam
1002 1716 1128 1797 tenditi,
1144 1714 1253 1800 ibique
1267 1714 1422 1799 triennio,

293 1810 330 1864 ut
351 1800 525 1888 imperator
546 1810 577 1865 et
598 1802 761 1887 principes
784 1799 1004 1883 decreverunt,
1026 1799 1218 1864 demoratur.

295 1909 497 1928 --—-—-
649 1927 815 1980 Rcccnsio
836 1926 877 1978 ΙΙ.
899 1927 994 1979 codd.
1015 1926 1048 1978 Β.

294 1995 342 2058 ire
363 1993 501 2058 festinat.
546 1993 651 2074 Quem
675 2016 745 2057 cum
776 1995 884 2080 sepius
906 1994 949 2058 ad
969 1992 1213 2058 accelerandum
1234 1995 1295 2057 iter
1315 1992 1366 2056 vir
1389 2015 1423 2075 a,

296 2098 393 2163 quam
423 2099 521 2141 manu
578 2078 697 2159 erebat,
734 2078 961 2143 subsannando
988 2075 1201 2162 compelleret,
1236 2077 1335 2141 iratus
1367 2077 1374 2091 '
1401 2099 1423 2142 e

296 2161 467 2244 evaginato
490 2099 598 2244 gladio
622 2171 720 2246 caput
740 2161 787 2224 illi
808 2163 996 2260 amputavit,
1019 2172 1051 2226 et
1072 2162 1118 2224 sic
1139 2182 1198 2245 per
1218 2170 1318 2224 totam
1340 2161 1423 2224 civi-

297 2253 395 2310 tatem
418 2244 610 2326 discurrens,
634 2254 763 2310 extento
785 2244 892 2330 gladio
915 2246 956 2309 ad
979 2267 1088 2309 omnes
1103 2243 1350 2325 vociferabatur,
1374 2245 1424 2310 ita

297 2326 424 2392 dicens:
461 2328 586 2391 ‘Venite
608 2350 729 2409 omnes,
771 2351 832 2414 ego
867 2329 970 2393 occidi
1001 2327 1188 2394 diabolumi'
1235 2327 1424 2392 Accurrens

297 2421 406 2476 autem
438 2412 606 2476 universus
636 2412 775 2498 populus
809 2424 874 2478 tam
906 2411 1062 2477 nobilium
1092 2433 1189 2496 quam
1217 2411 1424 2497 ignobilium,

298 2505 331 2560 et
351 2505 502 2581 putantes
524 2517 598 2560 eum
619 2506 791 2594 tyrannum
815 2497 981 2577 occidisse,
1004 2518 1078 2560 curn
1100 2495 1211 2560 eodem
1234 2495 1277 2559 ad
1298 2494 1422 2562 aeccle-

299 2580 380 2642 siam
396 2589 524 2644 sanotae
541 2577 681 2664 Sophiae
703 2590 936 2666 processerunt.
973 2579 1017 2644 Et
1031 2581 1137 2643 statim
1154 2589 1257 2643 totum
1272 2592 1421 2645 senatum

299 2673 523 2743 convocantes,
558 2684 665 2726 coram
692 2663 875 2748 patriarcha
903 2674 935 2728 et
964 2665 1051 2728 omni
1080 2663 1164 2727 clero
1194 2664 1423 2748 imperatorem

300 2746 437 2811 eundem
471 2748 774 2831 pronunciaverunt.
831 2747 975 2812 Audiens
1009 2757 1116 2812 autam
1152 2757 1308 2830 tyrannus
1334 2769 1422 2834 quae

298 2830 384 2894 facta
404 2829 540 2911 fuerant,
573 2829 679 2895 occult
719 2830 760 2896 de
782 2830 906 2917 palacio
936 2833 1057 2912 exiens,
1086 2828 1247 2916 galeidam
1277 2831 1422 2913 intravit,

299 2923 331 2977 et
352 2915 399 2978 sio
420 2935 479 2998 per
493 2935 580 2977 mare
604 2853 697 3012 quod
716 2913 833 2979 dicitur
846 2915 1021 2980 Brachium
1038 2915 1139 2978 sancti
1155 2913 1298 3000 Georgii,
1321 2937 1424 3000 super

298 2997 385 3084 quod
415 2995 576 3081 palacium
603 3008 699 3063 situm
731 3008 806 3079 erat,
837 2998 947 3084 fugere
982 2999 1097 3084 coepit.
1141 2998 1282 3064 Veniens
1311 3007 1424 3064 autem

296 3103 401 3145 novus
424 3083 597 3166 imperator
625 3103 698 3145 cum
727 3086 814 3145 omni
835 3082 955 3167 populo
977 3081 1019 3145 ad
1040 3082 1200 3167 palacium
1223 3093 1350 3147 etcum
1372 3083 1423 3145 fu-

296 3167 383 3252 gisse
399 3166 608 3250 comperiens,
631 3165 783 3230 continuo
801 3166 879 3230 alias
918 3164 1037 3230 aloidas
1059 3167 1100 3228 ad
1116 3166 1307 3250 capiendum
1328 3165 1424 3231 illum

297 3250 395 3313 misit.
439 3251 544 3328 Quem
568 3250 675 3314 statim
698 3189 1014 3334 comprehendentem
1037 3271 1146 3313 coram
1169 3271 1206 3314 eo
1229 3258 1422 3314 statuerunt.

298 3333 364 3414 Qui
379 3353 562 3397 convocans
577 3355 687 3398 omnes
709 3333 843 3415 nobiles,
866 3355 946 3433 quos
961 3333 1014 3397 ille
1029 3332 1240 3416 mutilaverat,
1262 3335 1422 3419 precepit,

297 3427 335 3481 ut
355 3416 493 3503 propriis
517 3415 663 3481 manibus
686 3419 789 3482 crines
813 3419 926 3503 capitis
949 3419 1017 3482 eius
1041 3427 1073 3481 et
1089 3417 1188 3482 barbe
1204 3418 1423 3500 extraherent,

298 3511 331 3565 ct
352 3502 398 3564 sic
425 3499 468 3563 ad
495 3500 614 3564 caudas
643 3523 799 3600 equorum
826 3501 1054 3565 indomitorum
1082 3522 1156 3564 eum
1182 3499 1274 3585 ligari
1303 3511 1336 3566 et
1361 3523 1424 3586 per

297 3593 399 3650 totam
422 3584 582 3647 civitatem
604 3585 696 3666 trahi,
728 3586 837 3669 pueris
861 3607 935 3649 eum
977 3584 1221 3669 rosequentibus
1243 3594 1275 3649 et
1295 3585 1424 3671 lapides

299 3678 332 3733 et
352 3667 456 3730 lutum
478 3689 516 3730 su
541 3688 576 3730 er
597 3690 671 3732 eum
692 3667 892 3733 iacientibus.
962 3671 991 3734 ic
1014 3667 1201 3732 Andronico
1224 3669 1366 3732 extincto
1389 3678 1424 3734 et

299 3750 448 3834 Tyrsach
484 3688 653 3814 sublimato
664 3763 685 3831 ²,
723 3751 900 3815 secundum
935 3753 1078 3816 innatam
1112 3751 1226 3816 Grecis
1258 3752 1423 3816 maliciam

299 3835 501 3899 Fridericum
516 3834 721 3919 postmodum
735 3835 780 3897 im
805 3846 970 3918 oratorem,
987 3858 1061 3899 cum
1075 3837 1252 3921 peregrinis
1268 3835 1423 3901 Greciam

298 3927 529 4000 transeuntem,
553 3918 586 3980 in
608 3917 716 3982 multis
740 3941 758 3981 o
785 3920 914 3984 endunt.

380 4008 546 4059 Christianus
569 4035 601 4044 -
622 4035 656 4045 -
677 4008 800 4058 succedit
820 4029 855 4051 =
874 4008 999 4060 Reccasio
1019 4009 1044 4059 Ι.

301 4115 325 4168 s)
336 4117 546 4158 christianissimus
556 4117 707 4165 Mooeunttnus
723 4116 769 4167 013
785 4117 935 4164 Magunnnus
951 4117 992 4168 02,
1008 4122 1027 4156 at
1042 4119 1074 4158 ita
1089 4119 1182 4168 saeptas.
1212 4117 1237 4171 b)
1246 4120 1359 4161 festinant
1374 4121 1423 4164 At.

302 4175 324 4227 c)
348 4179 372 4215 at
390 4178 561 4226 potentissimus
581 4177 624 4217 des.
642 4177 684 4217 02.
775 4174 799 4226 d)
822 4176 1033 4225 beneficiorumque
1057 4177 1104 4216 Aa.
1193 4176 1215 4228 e)
1240 4178 1373 4220 Alexander
1397 4204 1424 4212 -

302 4233 406 4274 succedit
425 4236 468 4276 da.
491 4235 538 4274 Bt.
558 4235 596 4273 Fr.
691 4233 711 4286 l)
734 4235 790 4274 deest
805 4235 848 4275 ,42
870 4236 964 4284 saeptus.
1064 4235 1087 4286 g)
1110 4237 1146 4277 82.
1163 4237 1207 4287 01,
1231 4242 1250 4277 et
1272 4239 1304 4278 tta
1326 4240 1425 4291 deincps

301 4293 387 4333 numeri
401 4304 446 4334 uno
462 4295 566 4342 maiorm
581 4294 637 4333 deest
653 4294 693 4333 02.
752 4292 859 4342 hlsxillo
874 4305 931 4334 corr.
947 4296 1043 4336 exilium
1060 4296 1106 4337 Bl.
1167 4293 1185 4346 i)
1197 4306 1234 4335 am
1250 4300 1266 4336 t.
1282 4299 1359 4338 dauns
1374 4300 1422 4340 At.

306 4406 334 4473 1)
348 4407 390 4458 De
403 4414 515 4472 tempore
528 4425 581 4460 non
594 4407 661 4460 satis
674 4414 789 4470 constan
802 4425 827 4460 v.
843 4407 1026 4519 Vamentnpp
1040 4426 1068 4474 p.
1084 4411 1128 4460 at.
1204 4409 1234 4477 2)
1247 4408 1325 4463 Anno
1341 4411 1423 4464 1185.
