2970 4996
283 366 334 416 110
501 363 687 420 CHRONIOA
706 363 819 416 REGIA
839 361 1081 414 COLONIENSIS
1102 361 1134 412 Δ.
1156 362 1235 411 1162.

652 537 814 590 Recensio
834 537 858 588 Ι.
878 537 971 588 codd.
991 533 1025 586 A.

142 619 338 675 nauarentota
353 614 396 664 vel
416 615 500 664 maior
518 629 579 679 pars
600 613 784 663 conventionis
802 612 876 678 prius
894 611 1051 678 inpleretur,
1081 608 1180 676 [quod⁸
1194 609 1252 660 fieri
1270 625 1327 660 non
1343 625 1410 676 pos·

282 684 344 753 setl.
382 688 527 738 Protractis
551 688 633 751 igitur
656 685 759 751 aliquot
778 685 873 735 diebus
892 701 941 751 pro
968 686 1123 736 remissione
1149 686 1323 744 sacramenti,
1354 701 1412 749 qno

282 760 499 812 Mediolanenses
519 760 704 812 Brixiensibus
724 765 750 810 et
770 758 935 809 Placentinis
954 758 1122 817 tenebantur,
1136 773 1196 808 cum
1213 757 1411 812 difficultatem
1446 789 1447 792 =

283 836 466 886 conventionis
486 832 655 884 attenderent
675 839 806 883 atrorum
826 833 913 882 exitus
933 832 1039 897 longius
1059 832 1221 894 metirentur,
1244 831 1412 898 stupefacti,

283 914 309 960 et
329 908 440 959 dimissa
461 908 646 969 conventione,
663 907 715 973 ipsi
735 906 898 956 deditionem
925 905 1065 968 elegerunt
1093 909 1121 954 et
1139 904 1174 954 ad
1193 904 1276 956 solius
1297 907 1409 956 miseri-

283 981 391 1032 cordiae
411 981 623 1048 propitiatorium
648 995 677 1031 se
698 978 874 1029 contulerunt.
912 979 943 1028 In
963 977 1094 1028 Kalendis
1113 973 1212 1043 igiturb
1233 979 1335 1037 Martii,
1357 977 1411 1028 id⁶

285 1062 325 1106 est
350 1057 437 1121 prima
462 1054 506 1103 die
532 1055 639 1116 mensis,
673 1051 796 1103 consules
816 1050 1059 1103 Mediolanensium
1086 1068 1145 1102 cum
1179 1051 1239 1102 aliis
1264 1052 1411 1104 nobilibus

282 1144 392 1178 nurnero
418 1129 495 1194 quasi
519 1128 617 1191 viginti
636 1143 665 1177 se
692 1143 751 1176 cum
773 1127 892 1188 civitate,
922 1141 982 1175 cum
1001 1126 1081 1176 rebus
1102 1131 1129 1176 et
1146 1126 1275 1191 personis,
1295 1131 1409 1178 remota

283 1203 355 1252 omni
375 1201 543 1251 simulatione
563 1199 673 1261 fraudis,
694 1201 792 1266 quain
812 1199 897 1266 prima
917 1197 1054 1249 deditione
1077 1199 1322 1264 imperatorem
1352 1201 1409 1248 cir-
1464 1207 1465 1214 ’

284 1281 481 1336 cumvenerant,
500 1274 557 1323 sine
578 1276 648 1323 omui
669 1279 762 1323 tenore
782 1272 825 1324 vel
846 1271 1008 1335 conditione,
1029 1273 1155 1338 prostrati
1175 1288 1233 1322 curn
1248 1271 1328 1323 nudis
1344 1272 1409 1338 gla-

283 1347 334 1397 diis
354 1349 380 1396 in
402 1347 561 1405 cervicibus,
581 1346 671 1413 palam
690 1349 717 1397 in
737 1346 817 1412 plena
837 1347 910 1396 curia
930 1345 1027 1396 domno
1047 1347 1201 1412 imperatori
1214 1344 1407 1413 reddiderunt,

282 1426 432 1486 prestantes
458 1426 626 1471 sacramenta
652 1435 837 1486 quaecumque
862 1419 1023 1470 iubebantur
1047 1436 1094 1486 pro
1121 1435 1150 1470 se
1178 1425 1204 1468 et
1227 1435 1274 1485 pro
1301 1421 1407 1470 ceteris

283 1495 405 1545 omnibus
431 1492 687 1544 Mediolanensibus.
731 1494 843 1544 Rursum
869 1494 992 1558 sequenti
1018 1493 1062 1542 die
1087 1493 1222 1543 dominica
1254 1508 1307 1558 qna
1337 1509 1407 1543 con·

165 1574 231 1615 Mart.
248 1575 271 1615 4.
282 1569 421 1618 venientes
440 1562 619 1616 cantabaturd
641 1564 814 1617 Reminiscere
832 1565 1029 1617 miserationum
1055 1574 1170 1626 tuorum,
1190 1565 1312 1625 Domine,
1339 1566 1407 1632 plns

283 1657 362 1707 quam
381 1642 495 1691 trecenti
515 1640 669 1690 electissimi
688 1640 787 1690 milites
807 1639 1048 1690 Mediolanensium
1065 1655 1123 1690 curn
1144 1639 1254 1704 prefatis
1281 1640 1406 1690 consuli-

282 1715 332 1765 bus
352 1716 497 1776 venientes,
517 1715 581 1764 item
601 1712 754 1779 presidente
775 1713 871 1763 domno
897 1714 1056 1779 imperatore
1084 1712 1263 1778 prociderunt,
1290 1719 1317 1762 et
1344 1719 1404 1763 tam

281 1787 393 1854 pulchre
407 1803 488 1854 quarn
502 1786 690 1838 miserabiliter
703 1793 866 1852 perorantes,
879 1785 984 1837 solame
1002 1787 1211 1836 misericordiam
1225 1786 1404 1849 invocabant,

284 1861 374 1911 claves
395 1863 511 1912 civitatis
532 1860 693 1919 obtulerunt,
713 1861 829 1909 omnium
850 1866 983 1925 portarum
1003 1865 1084 1925 atque
1098 1861 1215 1910 acierum
1229 1860 1403 1924 resignantes

283 1934 382 1985 vexilla
401 1933 570 2001 principalia,
591 1949 660 1999 qnae
679 1940 755 1983 erant
779 1927 905 1982 numeros
924 1934 968 1995 36,
995 1939 1022 1983 et
1042 1935 1094 1998 ipsi
1116 1940 1284 1984 sacramenta
1301 1932 1402 1983 eadem

167 2019 234 2062 Mart.
252 2021 351 2073 equae
382 2007 506 2058 consules
535 2009 716 2073 prestiterunt.
763 2006 862 2056 Postea
892 2008 976 2056 tercia
1000 2007 1067 2056 feria
1090 2009 1163 2056 venit
1189 2004 1302 2073 populus
1337 2022 1403 2056 cum

281 2078 433 2141 barrocio¹,
459 2079 531 2145 quod
551 2079 622 2147 apud
641 2095 689 2130 nos
715 2079 858 2130 standart&
878 2079 983 2142 dicitur,
1016 2086 1043 2129 et
1070 2095 1129 2129 cum
1156 2078 1260 2144 reliqua
1284 2077 1403 2130 militum

282 2153 461 2215 multitudiue,
485 2153 599 2203 afferens
613 2154 729 2203 omnium
743 2148 1033 2203 viciniarumhvexilla
1052 2167 1161 2203 numero
1194 2153 1245 2202 100
1265 2158 1292 2203 et
1316 2153 1402 2218 paulo

280 2227 366 2295 plura.
415 2227 466 2276 Per
492 2227 611 2276 ordinem
637 2227 718 2291 igitur
742 2225 846 2276 Novam
870 2226 992 2276 Laudem
1023 2227 1145 2292 ingressi,
1174 2225 1287 2292 populus
1318 2227 1402 2276 trium

281 2307 416 2367 portarum
437 2316 540 2350 currum
561 2300 733 2365 precedebat,
753 2299 857 2365 reliqua
876 2316 938 2350 vero
959 2299 1100 2350 multitudo
1125 2300 1287 2365 sequebatur
1312 2315 1402 2366 usque

282 2373 317 2424 ad
335 2375 503 2440 imperatoris
523 2373 666 2441 palacium.
704 2374 755 2436 Qui
774 2375 802 2422 in
825 2372 892 2423 solio
913 2372 1043 2424 excelsior
1068 2373 1198 2436 residens,
1227 2388 1306 2439 quam
1327 2367 1402 2424 citoi

283 2448 316 2498 ab
336 2447 392 2498 illis
407 2448 557 2508 videbatur,
577 2447 710 2498 tubicines
730 2453 831 2497 stantes
850 2448 877 2496 in
898 2462 975 2497 curru
994 2447 1065 2497 tubis
1086 2449 1154 2497 ereis
1173 2447 1268 2497 fortius
1292 2447 1402 2497 intona·

283 2522 347 2571 bant
371 2527 397 2570 et
422 2522 564 2586 superbiae
589 2537 654 2570 suae
679 2527 743 2570 tunc
775 2522 898 2571 morienti
926 2520 1081 2586 ibidemque
1106 2515 1300 2586 sepeliendael‘
1320 2522 1403 2586 qnasi

283 2609 420 2660 supremas
442 2594 568 2660 exequias
595 2593 807 2660 compulsabant,
836 2599 862 2644 et
887 2592 961 2644 finito
989 2593 1115 2659 clangore
1141 2595 1329 2659 imperatoriae
1356 2609 1401 2644 re·

284 2667 402 2733 ceptioni
414 2673 476 2717 sunt
488 2667 594 2717 oblatae
614 2662 719 2717 tubuel.
755 2667 862 2717 Deinde
881 2666 978 2730 singuli
996 2669 1183 2718 viciniarumm
1203 2668 1317 2717 maiores
1336 2683 1401 2733 pro-

285 2739 427 2802 cedebant,
452 2738 608 2805 profitentes
635 2746 661 2790 et
685 2740 786 2789 vexilla
811 2757 860 2791 sua
885 2755 933 2807 per
958 2740 1077 2791 ordinem
1104 2757 1120 2791 a
1146 2742 1231 2808 primo
1256 2756 1341 2806 usqne
1362 2739 1401 2792 ad

282 2811 590 2878 ultimumresignantes,
627 2813 721 2863 Stabat
734 2819 823 2864 autem
843 2829 933 2864 currus
953 2813 1094 2879 multiplici
1113 2814 1207 2864 robore
1226 2820 1402 2881 conseptusss,

284 2885 319 2934 ad
339 2885 512 2950 pugnandum
534 2884 647 2952 desuper
666 2888 731 2936 satis
750 2892 864 2953 aptatas,
883 2887 953 2938 ferro
972 2887 1116 2938 fortissime
1136 2887 1244 2952 ligatus,
1264 2887 1298 2937 de
1324 2889 1401 2938 cuins

284 2959 373 3009 medio
393 2960 507 3009 surrexit
525 2959 606 3009 arbor
623 2973 744 3025 procera,
765 2960 798 3010 ab
820 2961 872 3011 irno
892 2976 976 3026 usque
996 2960 1030 3010 ad
1050 2977 1180 3011 summum
1206 2961 1284 3022 ferro,
1310 2961 1402 3012 nervis

284 3037 311 3082 et
329 3032 436 3083 funibus
452 3033 623 3084 tenacissime
643 3034 826 3084 circumtexta.
863 3035 895 3084 In
915 3034 993 3084 buius
1013 3035 1164 3085 summitate
1182 3034 1403 3100 supereminebat

285 3107 371 3156 crucis
384 3105 497 3172 effigies,
516 3107 543 3155 in
564 3107 639 3157 cuius
657 3108 805 3157 anteriori⁰
831 3114 905 3174 parte
920 3108 1014 3158 beatus
1033 3107 1228 3174 depingebatur
1240 3107 1400 3158 Ambrosius

283 3185 346 3230 ante
365 3181 531 3246 prospiciens
550 3186 577 3230 et
596 3179 811 3231 benedictionem
831 3181 973 3232 intendens
994 3197 1161 3247 quocumque
1176 3196 1267 3232 currus
1280 3187 1401 3231 vertere-

283 3258 334 3305 tur.
348 3254 374 3304 Is
386 3259 446 3320 post
456 3254 561 3304 omnisl
572 3253 814 3304 Mediolanensium
824 3254 931 3305 lionoris
942 3255 1148 3319 resignationem
1159 3253 1266 3304 ultimus
1275 3255 1402 3316 accessit,

285 3328 387 3393 etipse
408 3333 488 3394 caput
506 3343 582 3378 suum
602 3327 793 3379 declinaturus.
823 3327 874 3379 Oui
893 3329 939 3393 qui
957 3333 1103 3393 pressante
1122 3334 1179 3378 arte
1199 3333 1282 3378 totam
1297 3327 1400 3377 machi-

283 3416 345 3450 nam
365 3399 439 3450 illam
461 3407 487 3451 et
506 3401 627 3451 arborem
646 3401 721 3454 illam
740 3417 825 3467 usque
845 3400 881 3450 ad
900 3408 997 3450 terram
1012 3399 1193 3463 declinabant,
1212 3400 1280 3450 adeo
1295 3406 1323 3451 ut
1342 3416 1400 3462 uos,

284 3474 330 3538 qui
354 3475 428 3524 iuxta
453 3473 550 3524 solium
577 3476 667 3525 domni
693 3476 862 3541 imperatoris
889 3489 1001 3536 eramus,
1027 3476 1129 3524 ruinam
1155 3473 1295 3524 machinae
1321 3475 1401 3524 veriti

613 3583 783 3635 Recensio
805 3582 849 3634 ΙΙ.
870 3583 964 3634 codd.
984 3583 1017 3634 Β.
1039 3581 1067 3634 0.

284 3678 317 3720 se
352 3665 383 3720 et
414 3657 577 3721 civitatem
609 3658 816 3724 tradiderunt.
860 3672 893 3721 In
921 3671 982 3722 Kal.
1011 3687 1125 3738 namque
1158 3673 1248 3724 Martii
1275 3673 1399 3724 consules

283 3745 527 3798 Mediolanensium
547 3763 606 3798 curn
627 3750 687 3800 aliis
706 3749 883 3801 nobilioribus
898 3749 932 3798 20
952 3757 1032 3801 ante
1053 3767 1134 3802 cons
1141 3757 1275 3817 pectam
1295 3753 1399 3818 impe-

283 3821 416 3872 ratoris
444 3823 632 3874 venientes
658 3828 685 3873 et
709 3823 873 3890 antepedes
901 3825 985 3890 ipsius
1010 3823 1181 3892 procidentes
1210 3825 1399 3890 gladiosque

283 3891 380 3943 nudos
397 3894 547 3946 cervicibus
560 3895 614 3946 suis
632 3897 861 3962 imponentes,
881 3899 1090 3965 reniampro
1109 3913 1145 3950 se
1165 3903 1198 3950 et
1218 3900 1400 3950 caeterisr

284 3967 444 4019 omnibus
464 3967 712 4035 postulabant,
732 3971 862 4021 facturi
882 3971 1141 4024 animorolenti
1161 3975 1398 4038 quecumqne⁸

284 4073 307 4125 a)
323 4085 345 4124 q.
360 4074 377 4116 i.
394 4087 417 4118 n.
433 4087 455 4127 p.
472 4078 643 4122 aa.Ar.131.
730 4077 891 4131 bideutBl.
975 4080 1398 4135 ulid-numeroquatidoe.1ss.

284 4132 307 4184 d)
340 4135 527 4179 cantabantdt.
565 4136 743 4188 e)solnnrA1.
780 4137 943 4191 niumm.
982 4137 1197 4191 pranderem.
1214 4141 1262 4182 Bl.
1301 4138 1399 4190 h)vlci·

283 4203 366 4232 narum
383 4194 533 4237 auant.
609 4195 767 4248 ilinadt.
840 4197 865 4250 k)
886 4199 1104 4238 ialoeororoAl.
1171 4197 1191 4249 l)
1211 4199 1331 4239 deeststl.
1350 4199 1399 4250 1³1,

283 4252 320 4290 red
334 4251 508 4295 indiciarum
516 4257 757 4306 monusatossoleas'tar
771 4257 839 4300 idest
853 4258 930 4302 tubae.
961 4257 1189 4308 mlrlcinarumdt.
1222 4255 1334 4308 n)reptas
1350 4258 1398 4298 Bl.

284 4307 307 4362 o)
323 4311 499 4364 lnterioriA13
521 4316 618 4355 auctiori
634 4317 681 4356 At.
748 4314 773 4368 p)
790 4327 869 4357 ornnes
885 4317 934 4357 Bl.
1005 4314 1135 4366 q)preerat
1150 4316 1197 4358 Al,
1218 4331 1248 4354 =
1267 4315 1288 4369 r)
1311 4321 1334 4357 et
1356 4327 1399 4367 pro

284 4371 367 4412 ceteris
383 4371 425 4412 02.
486 4371 506 4425 s)
522 4385 667 4424 quecumque
682 4377 810 4426 postularet
825 4381 864 4417 ant
879 4377 1013 4417 laberentur
1029 4375 1072 4415 cs.

285 4468 314 4536 1)
332 4469 353 4524 ἱ.
372 4486 392 4523 c.
412 4467 537 4522 carrocio.
