2934 4998
94 369 283 422 CHRONIOA
296 369 409 421 REGIA
424 369 677 421 COLONIENSIS.
699 368 801 420 CONT.
814 369 847 419 V.
867 370 901 422 A.
914 369 996 420 1244.-
1007 370 1086 422 1245.
1122 370 1175 420 28⁷

76 539 240 602 uacium2.
282 538 360 601 Post
381 557 445 600 non
467 534 604 600 multum
625 547 688 601 tem
715 538 778 601 oris
800 535 896 601 iidem
910 536 1085 602 Corasceni
1101 559 1174 602 con·

78 623 209 686 'xerunt
223 643 295 685 cum
310 619 380 684 aliis
394 619 588 703 Sarracenis,
603 621 659 707 qui
674 623 700 684 si
725 622 756 684 il
767 630 962 686 vocaverant
972 621 1005 684 in
1016 622 1172 686 auxilium

51 705 202 770 militiam
237 704 452 786 christianam,
486 703 609 769 scilicet
634 703 845 790 Templarios,
873 704 1109 790 Hospitalarios
1142 717 1174 770 et

51 789 93 854 de
117 789 214 855 domo
237 789 444 870 Teuthonica,
466 787 552 852 facto
575 809 647 852 cum
670 791 715 853 eis
736 785 856 869 federe3
880 791 935 875 qui
956 789 1039 854 lerec
1063 811 1173 855 omnes

50 883 120 938 tam
144 873 308 938 christiani
331 894 427 960 quam
451 871 621 938 Sarraceni
641 874 675 936 in
696 873 764 938 acie
784 873 997 954 cecideruntd,
1018 874 1173 938 vincenti·

50 958 115 1023 bus
129 956 319 1022 Oorascenis
331 966 363 1022 et
374 957 477 1042 captis
488 957 608 1022 ibidem
621 959 773 1042 magistro
784 956 960 1042 Hospitalis
972 968 1003 1022 et
1020 959 1171 1042 magistro

50 1040 183 1128 Templi
206 1063 278 1105 cum
301 1038 454 1105 militibus
477 1063 588 1105 eorum
610 1041 730 1106 ordinis
752 1041 877 1106 circiter
898 1051 1035 1106 centum.

429 1189 433 1196 .
454 1132 548 1198 Anno
571 1134 704 1199 Domini
729 1135 819 1199 1245.

139 1220 230 1305 Papa
249 1217 394 1283 residens
416 1217 611 1304 Lugdunum
633 1228 791 1283 convocat
820 1218 992 1284 concilium
1037 1217 1170 1301 enerale,

49 1305 182 1368 mittens
216 1303 366 1389 epistolas
395 1323 455 1387 per
489 1303 656 1366 universas
692 1303 884 1388 provincias.
929 1303 1001 1383 Quo
1083 1313 1171 1368 ostea

37 1385 226 1453 ‚celebravit
246 1408 355 1450 mense
376 1384 489 1468 Iulio¹,
520 1387 617 1451 citato
638 1385 681 1450 ad
703 1387 763 1451 hoc
783 1389 975 1473 imperatore
996 1326 1172 1468 Fridenco,

48 1481 88 1536 ut
101 1472 143 1536 de
158 1472 231 1556 ipso
247 1469 505 1557 querelantibus⁰
529 1471 637 1556 episco
662 1471 689 1534 is
712 1479 743 1535 et
765 1469 834 1534 aliis
856 1471 1074 1556 responderet.
1107 1472 1171 1552 Qui

48 1557 187 1621 veniens
215 1565 246 1620 et
275 1577 295 1618 a
318 1554 362 1618 ud
389 1553 599 1635 Taurinumf,
656 1555 757 1639 igurie
787 1556 958 1638 civitatem,
994 1557 1170 1642 quiescens,

48 1640 200 1726 premisit
221 1577 398 1720 Thadeum,
427 1639 603 1724 imperialis
626 1639 713 1704 curie
726 1679 727 1684 κ
742 1637 911 1721 iudicems,
933 1641 1011 1704 iuris
1034 1642 1172 1724 peritum

50 1733 85 1789 et
105 1745 224 1809 magne
252 1722 431 1811 eloquentie
459 1724 573 1787 virum.
618 1723 683 1804 Qui
705 1725 840 1787 causash
867 1723 1010 1788 absentie
1035 1725 1170 1810 impera-

48 1809 130 1872 toris
153 1808 217 1872 assi
263 1829 330 1890 ans,
352 1807 445 1893 petiit
460 1806 626 1872 ulteriores
648 1807 802 1888 inducias,
825 1809 1014 1893 promittens
1036 1810 1171 1895 impera·

49 1903 154 1958 torem
177 1893 211 1955 in
247 1893 315 1957 reri
337 1892 486 1957 terminoi
509 1892 731 1964 adventurum.
774 1893 847 1956 Non
869 1891 1027 1957 obtentis²
1042 1895 1171 1957 autemk

49 1977 202 2058 induciis,
234 1999 308 2040 cum
331 1975 460 2060 quidam
484 1977 627 2062 episcopi
650 1975 689 2040 de
710 1977 781 2061 ipso
810 1977 1042 2063 querimoniam
1064 1999 1170 2043 move-

50 2070 124 2128 rent
145 2060 233 2126 etad
247 2058 519 2140 hsnc1Thadeus,
541 2061 678 2124 nuncius
699 2061 900 2146 imperatoris
908 2073 939 2142 ¹1¹,
962 2061 1169 2126 disertissime

48 2145 270 2232 responderet,
300 2144 447 2208 dominus
469 2164 555 2230 papa
576 2165 640 2207 non
662 2145 829 2210 attendens
857 2144 1042 2209 huiusmodi
1064 2145 1170 2210 defen-

50 2231 159 2294 siones
182 2251 240 2294 nec
270 2227 437 2292 advertens
464 2250 576 2313 preces
598 2227 768 2293 Balduinin
789 2231 992 2314 imperatoris
1015 2228 1170 2294 Constan-

48 2312 253 2400 tinopolitani
281 2322 314 2379 et
339 2313 556 2376 interventum
586 2314 711 2377 comitis
733 2312 894 2394 Tolosani,
923 2315 978 2399 qui
1007 2324 1170 2400 presentes

51 2395 243 2484 suppliciter
257 2395 461 2460 institerunt⁰
475 2419 560 2482 pape
576 2419 634 2483 pro
649 2397 851 2483 imperatore,
866 2419 956 2462 sacro
972 2398 1171 2496 approbante

51 2481 190 2547 concilio
222 2489 300 2545 tunc
329 2488 485 2566 presente,
521 2481 577 2546 ubi
608 2481 767 2548 affirerunt
797 2483 858 2547 150
889 2483 1034 2569 episcopi
1064 2491 1172 2568 preter

49 2565 186 2632 abbates
208 2573 240 2630 et
259 2564 338 2629 alios
360 2563 508 2650 prelatos,
541 2565 676 2630 domnus
698 2587 784 2652 papa
810 2565 883 2631 tulit
909 2567 1096 2631 sententiam
1119 2565 1171 2631 de-

48 2651 221 2736 positionis
244 2657 354 2713 contra
374 2651 608 2732 imperatorem,
636 2651 768 2736 privans
797 2673 867 2714 eum
896 2651 1043 2737 imperio,
1064 2652 1171 2736 regnis

50 2745 83 2800 et
106 2735 196 2798 omni
215 2732 366 2798 honores
411 2733 511 2798 Cuius
526 2735 680 2799 sententie
701 2744 792 2800 tenor
807 2735 847 2799 de
862 2734 960 2800 verbo
982 2735 1024 2799 ad
1038 2735 1172 2800 verbum

51 2819 254 2904 conscriptus
282 2826 331 2882 est
355 2817 390 2879 in
411 2817 491 2883 libro
519 2818 653 2883 ecclesie
684 2820 787 2884 sancti
812 2817 1037 2884 Panthaleonis
1064 2819 1171 2884 intitu-

51 2902 118 2967 lato
155 2902 299 2987 hystoria
334 2899 551 2967 ecclesiastica
581 2903 725 2985 Eusebii,
761 2904 795 2966 in
830 2903 902 2983 fine,
939 2904 972 2965 in
1004 2900 1171 2988 cathalogo

51 2986 242 3072 pontificum
264 2986 491 3066 Romanorum,
507 2986 561 3051 ubi
577 2996 649 3051 acta
663 2987 859 3051 eorundemr
882 2995 1074 3050 annotantur
1094 3008 1171 3072 pon-

51 3070 189 3136 tificum.
224 3070 286 3134 lna
309 3069 422 3134 eodem
445 3068 579 3134 concilio
602 3072 712 3135 statuit
734 3071 887 3135 domnusr
907 3091 994 3155 papa
1015 3071 1172 3156 quasdam

51 3155 276 3235 institutiones,
310 3176 371 3240 que
394 3154 453 3218 sub
475 3153 575 3218 titulis
598 3154 853 3241 competentibus
880 3155 1061 3220 referuntur
1087 3165 1172 3240 post-

52 3237 186 3303 modum
209 3239 326 3303 inserte
347 3259 431 3302 nove
451 3236 657 3304 decretalium
673 3260 745 3302 corn
770 3237 891 3302 ilationi
899 3247 922 3302 ⁴.
1005 3239 1085 3302 Post
1100 3260 1172 3303 con·

51 3321 163 3388 cilium
176 3343 272 3408 papa
291 3322 388 3387 mittit
409 3322 544 3386 nuncios
567 3323 706 3387 Minores
747 3332 847 3388 ratres
869 3322 911 3386 ad
932 3344 1041 3406 regem
1059 3323 1172 3388 -Tarta-

50 3429 164 3472 rorum
191 3415 224 3470 et
243 3405 322 3469 alios
349 3407 484 3470 nuncios
506 3405 548 3470 ad
574 3407 753 3471 sultanums
774 3407 908 3492 Egypti,
941 3406 1071 3471 hortans
1098 3429 1173 3471 eum

52 3513 113 3579 per
129 3488 295 3577 epistolam
311 3490 353 3555 ad
367 3511 479 3575 pacem
495 3512 569 3554 cum
584 3490 764 3556 christianis
778 3490 968 3558 habendam.
1043 3490 1172 3556 Modico

52 3637 77 3686 a)
94 3636 242 3685 sequentium
258 3637 306 3677 Da.
367 3637 391 3688 b)
408 3647 433 3676 se
449 3637 500 3676 Da.
561 3634 583 3688 c)
599 3647 653 3676 vcro
669 3637 722 3678 Da.
783 3635 806 3687 d)
821 3637 1016 3677 occideruntna.
1080 3634 1101 3687 e)
1118 3647 1172 3686 que-

52 3695 183 3737 relantibus
199 3696 253 3744 1215
271 3695 436 3745 quaerentibus
452 3696 501 3738 Da.
538 3693 557 3746 l)
571 3696 657 3737 rhsur.
667 3708 686 3737 c.
696 3696 781 3737 aaa.
823 3694 847 3748 ε)
863 3698 919 3736 deest
935 3697 985 3738 Dl.
1015 3693 1040 3747 h)
1056 3692 1171 3736 osenna.

52 3754 71 3808 i)
89 3754 294 3804 impbrsviadv.
311 3755 362 3797 Da.
438 3753 530 3806 k)Non
547 3755 691 3796 autetht.
769 3753 787 3806 l)
804 3756 916 3798 hocas.
1005 3753 1172 3806 nmmos.

53 3813 80 3864 n)
96 3813 222 3854 ledcvtni
237 3814 294 3864 1215
316 3814 444 3855 Balduvint
459 3814 507 3854 Μ.
583 3811 606 3866 ο)
623 3815 761 3856 instaterunt
777 3815 838 3864 apud
853 3825 937 3865 papam
954 3813 1001 3854 Di.
1077 3812 1101 3865 p)
1118 3824 1171 3854 ann.

54 3872 185 3923 e.p.1ra
245 3870 270 3925 q)
286 3873 374 3914 Eodem
390 3874 414 3914 tn
431 3875 481 3914 Μ.
543 3871 563 3924 r)
580 3874 654 3914 dictus
670 3873 719 3915 Μ.
780 3872 799 3924 s)
817 3873 939 3914 soldanum
955 3873 1004 3912 Di.

56 4003 86 4070 l)
105 4003 167 4055 Iam
185 4005 229 4056 die
248 4005 292 4054 26.
308 4022 342 4055 m.
357 4003 433 4056 Iunii
451 4003 588 4056 roncaliam
598 4007 777 4074 andcnccnse
796 4004 924 4057 celebrari
942 4013 1061 4070 coeptam
1080 4013 1125 4057 est.
1145 4001 1173 4056 0.

55 4076 87 4143 2)
107 4077 228 4130 Reiectus
248 4087 311 4130 sunt
326 4095 418 4144 preces
442 4077 583 4132 Thcddcci
607 4080 636 4131 in
660 4080 775 4132 sessione
798 4079 917 4131 secanda
942 4076 1100 4141 (asna),
1126 4077 1173 4128 sed

54 4151 99 4204 die
121 4150 242 4217 sequenti
266 4150 391 4204 induciae
418 4168 553 4204 concessae
571 4161 642 4205 sant.
675 4153 702 4204 0.
777 4149 807 4218 3)
827 4153 853 4205 d.
876 4154 918 4204 17.
938 4150 1006 4213 lat,-
1024 4149 1173 4203 Haillcrd-

53 4225 137 4277 Bret-
164 4224 210 4288 VI,
228 4243 257 4292 p.
278 4225 341 4278 319.
415 4224 445 4294 t)
466 4224 506 4290 ΟΥ.
525 4242 567 4292 ep.
580 4226 728 4280 Innocentii
740 4226 759 4276 I
764 4225 793 4277 1⁷.
806 4226 973 4277 universitati
989 4225 1175 4290 magistrorum

55 4304 84 4350 et
101 4298 264 4351 scholarium
279 4301 417 4351 Bononiae
438 4301 662 4352 commorantibus
681 4300 807 4352 directam
827 4298 981 4365 ap.Mcnsi,
1002 4297 1064 4350 0011.
1084 4296 1173 4350 concil.

54 4371 167 4436 XXIII,
180 4389 209 4438 p.
230 4373 292 4424 652.
313 4371 341 4424 0.
