2934 4998
279 407 334 460 284
409 386 597 459 eudemon
617 406 731 458 REGIA
749 403 1006 458 COLONIENSIS.
1027 405 1174 459 coum.
1193 408 1226 458 Δ.
1240 406 1320 458 1243.

278 573 488 640 subventione
509 573 572 638 sibi
592 573 722 637 nomine
744 573 846 658 gratie
867 572 1085 658 impendenda
1098 574 1233 640 adiectis
1247 572 1398 660 precibus
1455 627 1456 636 ,

279 657 482 741 admonente,
503 657 627 744 priores
645 665 677 722 et
700 654 803 721 clerus
818 657 965 742 petitioni
987 660 1058 722 eius
1081 681 1124 724 ex
1145 658 1287 722 evidenti
1301 677 1396 722 causa

279 750 466 824 annuentes,
489 762 553 805 uno
575 762 659 805 anno
681 740 838 805 dederunt
860 739 1040 806 decimam·
1057 743 1201 807 omnium
1216 741 1395 807 reddituum

278 848 409 892 suorum
445 825 737 892 ecclesiasticorum
778 825 812 887 in
854 823 1034 889 subsidium
1071 826 1325 912 archiepiscopi,
1367 834 1399 891 et

278 911 529 998 sequentianno
551 910 738 974 vicesimam
761 906 944 974 reddituum
967 909 1173 977 eorundem¹.

364 995 438 1058 Hoc
468 1015 552 1058 anno
575 1001 717 1057 castrum
740 993 903 1058 Tuitiense
929 1015 988 1080 pro
1011 1015 1050 1059 eo
1081 994 1168 1081 quod
1196 995 1311 1060 terrori
1333 1002 1400 1058 erat

281 1078 405 1144 civitati
428 1077 611 1143 Coloniensi
620 1077 645 1159 1',
677 1075 753 1142 licet
773 1089 926 1163 tanquam
947 1077 1079 1164 pupillis
1107 1079 1234 1142 civibus
1263 1077 1402 1141 idoneus

278 1171 365 1227 tutor
393 1163 614 1228 necessarius⁰
635 1160 800 1225 videretur
826 1183 896 1225 esse
923 1171 1034 1246 terror,
1064 1160 1165 1227 multa
1191 1164 1333 1248 pecunia
1359 1161 1399 1227 ab

279 1249 290 1310 i
315 1247 359 1310 sis
382 1246 504 1311 civibus
527 1253 670 1330 emptum
678 1246 702 1325 ⁶,
717 1244 861 1309 frmditus
876 1245 1061 1328 destruitur,
1084 1247 1245 1395 prioribus
1269 1245 1400 1394 puidam

303 1329 473 1412 olentibus,
495 1329 741 1415 archiepiscopo
764 1339 871 1394 autem
892 1339 925 1393 ct
945 1332 1062 1395 comite
1109 1331 1251 1397 eMonte
1286 1329 1401 1394 acilem

280 1413 458 1480 venditioni
484 1413 711 1478 adhibentibus
739 1425 961 1496 consensum2,
990 1416 1065 1501 quia
1094 1414 1233 1479 divisum
1260 1415 1348 1479 inter
1368 1435 1405 1479 se

278 1497 433 1564 tenebant
454 1507 606 1580 castrum,
635 1509 780 1583 utroque,
810 1498 866 1583 qui
894 1508 997 1562 totum
1023 1519 1088 1562 non
1109 1499 1231 1578 habuit,
1265 1520 1300 1563 se
1321 1496 1402 1562 nihil

278 1582 397 1647 habere
412 1580 596 1646 arbitrante.
634 1581 664 1647 Ο
680 1591 835 1668 quantum
851 1593 899 1646 est
918 1583 952 1646 in
966 1582 1062 1647 rebus
1077 1583 1186 1647 inane!
1210 1582 1240 1648 Ο
1255 1580 1403 1646 miranda

279 1665 490 1732 mutabilitas!
514 1665 666 1730 Castrum
687 1665 922 1751 amplissimum
944 1669 1034 1752 pacis
1056 1675 1200 1753 tempore
1222 1665 1311 1731 nullo
1334 1665 1403 1752 pul-

279 1761 370 1816 sante
391 1749 532 1816 tumultu
552 1748 662 1815 videre
683 1751 800 1814 nostris
821 1749 1020 1835 temporibus
1043 1750 1202 1816 deiectum
1224 1760 1309 1815 terre
1334 1771 1403 1815 coe-

279 1836 382 1922 quari,
405 1833 492 1921 quod
523 1836 557 1898 in
588 1835 725 1898 circuitu
745 1833 935 1919 cingebante
958 1834 1142 1921 quindecim
1162 1845 1266 1900 turres
1295 1846 1406 1920 preter

280 1921 384 1983 maius
398 1918 575 2003 presidium
590 1928 623 1982 et
643 1917 854 1999 interturria‘,
881 1940 962 2005 opus
977 1919 1156 2005 antiquum,
1178 1930 1245 1984 tam
1260 1928 1402 1983 exstruc-

280 2004 377 2068 tionis
404 2025 521 2088 genere
579 2024 656 2066 uam
682 2000 925 2086 magnitudine&
946 2003 1151 2085 admirabile,
1181 2003 1400 2067 firmissimum

280 2097 313 2152 et
333 2089 501 2152 munitum.
545 2025 650 2151 lduius
666 2088 760 2150 castri
783 2087 921 2172 quedam
938 2086 1065 2151 edificia
1079 2097 1237 2152 vetustate
1260 2085 1403 2172 collapsa

279 2170 366 2236 idem
377 2170 484 2236 arohie
508 2171 638 2256 iscopus
653 2171 792 2255 copiosis
804 2171 984 2256 sumptibus
999 2180 1031 2235 et
1042 2173 1191 2256 expensis
1205 2172 1238 2234 in
1250 2171 1401 2257 proximo

281 2266 355 2320 ante
377 2255 460 2319 hanc
481 2193 730 2320 destructionem
750 2265 915 2340 repararet
942 2265 975 2319 et
995 2256 1174 2320 adiectione
1195 2275 1279 2318 nove
1302 2264 1401 2318 struo

281 2349 352 2404 ture
375 2361 473 2424 opera
495 2340 699 2425 antiquorum
726 2339 819 2401 iirme
846 2348 880 2402 et
907 2341 1080 2424 perspicua
1105 2339 1290 2404 reddiderat
1311 2361 1401 2424 spec·

280 2423 438 2488 tabiliora.
480 2422 678 2488 Dicebatur³
701 2433 809 2487 autem
831 2425 961 2508 passim,
989 2425 1050 2488 hoc
1073 2433 1212 2488 castrum
1236 2424 1400 2488 Tuitiense

280 2529 339 2592 per
352 2507 471 2572 Iulium
487 2507 638 2572 Cesaram
660 2508 765 2592 primo
788 2507 885 2570 fuisse
900 2507 1068 2572 fundatum
1087 2518 1119 2572 et
1134 2517 1401 2573 consummatum.

281 2593 457 2657 Processu¹1
489 2613 564 2655 vero
588 2591 742 2677 temporis
769 2591 960 2677 antiquitate
982 2591 1157 2678 collapsum
1180 2591 1401 2656 affirmabatur

281 2687 346 2742 tem
372 2698 426 2741 ore
450 2674 651 2740 Constantini
678 2677 881 2760 imperatoris
906 2675 950 2739 ad
971 2675 1125 2741 honorem
1145 2676 1248 2762 ipsius
1270 2699 1291 2740 a
1312 2677 1397 2761 prin·

281 2699 408 2846 cipibus
429 2761 528 2824 terrei
549 2783 586 2824 re
610 2770 735 2824 aretum
753 2769 785 2823 et
807 2759 1018 2843 melioratum,
1042 2781 1212 2847 quorumo
1238 2782 1275 2823 us
1297 2757 1400 2825 littere
1460 2817 1461 2820 ,

281 2844 404 2931 sculpta
432 2845 466 2908 in
486 2782 649 2930 lapidibus
675 2843 865 2930 plerumque
891 2846 925 2907 in
953 2844 1098 2908 eiusdem
1127 2783 1268 2909 auribus
1297 2843 1399 2907 decla·
1459 2829 1461 2936 J

280 2927 403 2992 rabant.
445 2928 656 2994 Postmodum
688 2938 795 2992 autem
826 2936 969 3013 tempore
1002 2927 1129 2993 Ottonis
1160 2929 1272 3014 Magni
1292 2927 1398 3075 dprimi
1459 2937 1461 3006 j

281 3012 493 3096 imperatoris,
530 3023 694 3099 satagente
726 3011 884 3076 industria
916 3023 947 3076 et
976 3014 1259 3098 circumspectione
1315 3012 1398 3075 omni
1459 3013 1461 3044 ¹

280 3095 665 3168 BrunonisOolonienus
686 3095 929 3194 archiepiscopi,
958 3097 1065 3161 fratris
1091 3096 1235 3161 eiusdem
1262 3095 1399 3180 impera

281 3180 392 3260 torisk,
424 3179 509 3245 idem
540 3191 679 3245 castrum
709 3191 860 3244 assentur
888 3201 948 3266 pro
974 3191 1066 3266 parte
1093 3181 1234 3245 dirutum
1261 3180 1399 3244 iacuisse

280 3263 458 3412 {tamdiusp
481 3264 586 3329 donec
601 3264 660 3329 sub
683 3264 825 3328 Henrico
848 3263 990 3328 secundo
1012 3266 1203 3350 imperatore
1226 3263 1268 3327 ad
1289 3285 1397 3348 preces

304 3350 369 3414 eati
395 3348 568 3430 Heriberti,
604 3360 680 3414 tuno
711 3348 864 3498 temporis
895 3346 1094 3413 Coloniensis
1126 3347 1395 3433 archiepiscopis,

794 3431 920 3496 eraliter
940 3432 1153 3497 contraditum
1175 3431 1218 3495 ad
1239 3442 1395 3496 construc-

281 3517 425 3582 tionem¹¹
447 3517 629 3582 faciendam
651 3517 898 3580 monasterium⁰
921 3517 1153 3581 monachorum
1174 3516 1260 3600 nigri
1281 3515 1396 3579 ordinis

282 3600 384 3664 sancti
397 3599 575 3665 Benedicti.
619 3601 724 3664 Huius
746 3601 930 3664 monasterii
946 3611 1037 3748 septa
1050 3601 1167 3687 partim
1185 3608 1395 3748 occupaverat

281 3431 375 3497 beate
396 3433 498 3498 Marie
519 3433 638 3517 virgini
659 3432 721 3496 fuit
748 3431 770 3495 li

1287 3681 1393 3747 (incedi

282 3684 417 3748 munitio
440 3686 547 3766 castri,
570 3707 632 3772 que
654 3682 859 3771 postmodum
881 3683 966 3749 facta
993 3695 1084 3749 uerat
1097 3693 1242 3769 tempore

281 3863 305 3918 a)
320 3866 445 3916 pecuniam
459 3865 509 3908 Dr.
546 3863 570 3916 b)
587 3866 669 3906 civitas
685 3865 832 3906 coloniensis
847 3866 895 3906 Da.
935 3863 956 3916 c)
973 3867 1106 3906 necessario
1121 3865 1170 3906 Dr.
1201 3862 1225 3916 d)
1239 3865 1337 3913 impturn
1352 3863 1392 3903 Da

281 3923 340 3975 (isa
354 3935 367 3965 e
382 3930 500 3966 offlectam
514 3925 619 3977 vadam
633 3923 799 3974 impetratum?
814 3925 835 3965 0.
874 3923 897 3976 e)
913 3924 1023 3974 cingebat
1038 3925 1118 3966 Dm.
1168 3921 1331 3974 ilintercnria
1345 3923 1392 3964 Dl.

282 3982 306 4034 g)
322 3984 489 4032 magnitudinis
505 3983 554 4024 Da.
613 3981 637 4034 h)
653 3983 780 4032 Progressa
795 3983 844 4025 Dr.
913 3982 931 4034 i)
947 3983 1003 4024 decet
1017 3982 1068 4024 Μ.
1129 3981 1154 4034 k)
1171 3982 1261 4024 Ottonis
1277 3981 1332 4030 imp.
1348 3980 1394 4022 Di.

282 4041 300 4092 1)
316 4044 372 4082 deest
387 4043 438 4086 Di.
497 4041 530 4095 m)
546 4043 608 4083 arch.
626 4042 675 4085 col.
690 4042 739 4082 Μ.
800 4039 825 4092 ιι)
841 4043 1019 4084 instructionem
1035 4042 1084 4082 Dr.
1145 4039 1169 4094 o)
1184 4042 1216 4080 tta
1231 4040 1310 4081 Dm.

284 4183 311 4250 1)
327 4181 367 4250 Os.
387 4184 537 4237 Lacomblet
555 4185 598 4250 II,
618 4185 680 4251 148,
699 4201 737 4252 aq.
756 4202 797 4239 ar.
819 4185 882 4236 286.
921 4182 1055 4247 (Ocellare
1073 4199 1123 4235 aar
1139 4181 1233 4236 Gestis.
1252 4181 1302 4234 der
1318 4181 1393 4235 aran

282 4257 362 4310 Ko'irr’
381 4257 423 4322 11,
443 4259 506 4322 238,
525 4276 566 4310 ar.
586 4261 662 4324 234).
696 4262 730 4312 Α.
815 4257 845 4324 2)
863 4257 1015 4310 Locomblet
1033 4255 1076 4320 II,
1095 4256 1157 4309 242.
1196 4255 1336 4318 (¹Quellca’
1353 4255 1393 4318 11,

277 4348 309 4397 p.
322 4329 489 4395 228-232).
528 4330 557 4397 3)
573 4331 718 4398 Sequentia
735 4337 823 4384 noster
841 4347 874 4383 ec
893 4331 958 4385 libro
971 4331 1086 4398 Ruperti
1104 4329 1207 4383 abbatia
1225 4329 1258 4382 de
1276 4328 1392 4382 incendio

286 4403 416 4456 &dicati
435 4402 498 4465 (SS.
511 4403 579 4466 XII,
599 4405 652 4454 632
671 4407 723 4471 sq.)
742 4403 863 4458 lr'auairte
882 4404 996 4458 videtur.
1035 4403 1061 4457 0.
