2944 5002
228 386 379 440 OLIVERl
398 385 553 439 RELATIO
573 388 623 438 DE
643 387 775 438 EXPED.
795 386 1012 438 DAMIATINA,
1125 389 1177 440 337

58 561 183 630 periculo
209 561 381 628 reliquerunt,
411 560 523 613 elevatis
548 560 615 612 velis
641 561 769 612 abiecto³
793 565 885 628 portu,
914 561 992 612 nobis
1018 564 1178 630 mesticiam,
1189 573 1254 614 rsit.

59 635 212 687 Babiloniis
238 635 375 687 audatiam
402 635 579 686 contulerunt.
618 636 669 697 Qui
693 640 837 686 tractatum
863 635 938 700 pacis
961 615 1177 703 intermitssntea

59 711 88 760 in
115 709 210 776 vigilia
236 707 335 760 Cosme
361 714 388 760 et
413 709 541 759 Damiani
566 714 593 758 et
619 709 741 774 sequenti
767 708 809 758 die
835 708 912 765 festo,
942 711 1060 774 proximo
1090 712 1317 784 eciamgepmss-

57 783 157 834 sabato
171 799 230 833 cum
244 782 369 848 galeidis,
389 783 507 834 barbotis
520 783 687 848 peritomen,
708 798 767 833 oum
786 781 927 848 magnellis
935 776 958 846 ὓ,
980 785 1081 849 targiis,
1100 785 1174 836 fruti·
1231 792 1267 833 tt.

59 857 140 908 cibus
170 872 217 922 pro
246 856 374 923 inplendo
401 856 502 907 fossato
534 871 582 922 per
611 861 707 906 terram
733 855 839 907 feritate
865 856 1005 907 barbarica
1035 864 1062 909 et
1085 859 1178 925 inpetu

59 936 191 981 consueto
218 942 266 981 nos
291 931 467 997 inpeoierunt.
506 929 560 980 Sed
586 929 667 980 durus
692 929 807 979 bellator
831 931 1008 996 triumphator
1031 933 1059 981 in
1083 932 1177 995 Israel,

58 1003 143 1055 solita
166 1020 230 1055 usus
249 1006 345 1069 grstia,
371 1009 459 1054 castra
483 1008 550 1054 suac
576 1002 705 1065 defendit,
730 997 833 1054 missod
859 1019 907 1069 per
931 1021 1004 1056 mare
1031 1005 1177 1057 Savericoe

59 1078 97 1128 de
113 1077 228 1127 Malluin
248 1093 307 1127 curn
327 1075 442 1142 galeidis
462 1077 569 1127 armatis
588 1082 615 1127 et
634 1076 808 1127 bellatoribus
821 1076 941 1143 plurimis
959 1079 987 1128 in
1005 1079 1064 1144 ipso
1083 1096 1177 1132 neces·

58 1144 169 1202 sitatisf
188 1150 309 1202 articulo.
347 1151 383 1201 Et
402 1167 449 1201 uos
470 1150 616 1201 clamantes
634 1152 662 1200 iu
683 1149 779 1213 celum,
799 1165 849 1201 nec
862 1150 1028 1216 trepidantes
1047 1151 1081 1202 ad
1100 1155 1177 1220 inpe-

58 1231 127 1286 tum,
154 1225 202 1276 sed
222 1223 333 1274 viriliter
353 1225 506 1275 resistentes
532 1229 558 1274 et
576 1225 760 1290 reprimentes,
785 1224 971 1286 interiectostt,
996 1227 1130 1278 sauciatos
1151 1231 1177 1278 et

59 1298 188 1350 confusos
220 1299 253 1348 ab
285 1297 384 1349 insultu
413 1297 536 1349 triduano
564 1297 692 1348 recedere
720 1298 866 1363 coegimus,
894 1300 978 1364 ipsius
1007 1301 1104 1351 virtute
1131 1301 1177 1367 qui

58 1371 152 1423 salvat
171 1376 309 1438 sperantes
328 1373 356 1420 in
375 1387 413 1422 se.

139 1446 171 1495 13
178 1442 201 1497 ¹¹.
220 1446 328 1496 Interea
338 1446 433 1496 civitas
443 1443 582 1496 obsidione
592 1444 682 1512 longa,
692 1445 771 1508 ferro,
780 1445 851 1495 same
862 1452 889 1497 et
898 1446 1051 1512 pestilentia
1059 1450 1178 1514 graviter

59 1525 89 1570 et
114 1519 185 1571 ultra
209 1535 289 1585 quam
315 1519 397 1569 scribi
428 1519 513 1585 possit
542 1518 659 1582 afflicta,
689 1519 718 1568 in
742 1518 801 1569 sola
825 1535 910 1585 pace,
942 1536 1020 1586 quam
1050 1521 1177 1574 soldanus

60 1593 168 1644 civibus
193 1593 323 1659 promisit,
347 1608 422 1658 spem
445 1594 542 1658 posuit.
579 1591 656 1642 Adeo
681 1593 753 1642 enim
778 1593 805 1642 in
830 1608 863 1642 ea
887 1593 972 1645 fames
997 1594 1119 1660 invaluit,
1146 1601 1177 1646 ut

60 1667 118 1718 cibi
139 1666 332 1717 desiderabiles
352 1666 484 1716 deessent.
522 1666 602 1716 Panis
623 1672 760 1732 corruptus
779 1666 945 1717 habundavit
963 1667 991 1717 in
1011 1683 1051 1720 ea.
1089 1669 1176 1719 Dura-

58 1740 127 1791 bilis
146 1756 199 1790 non
219 1745 260 1790 est
279 1755 384 1790 annone
403 1740 503 1806 Egypti
522 1744 630 1805 propter
647 1739 742 1790 molles
767 1738 869 1804 glebas,
895 1741 922 1790 in
949 1741 1045 1806 quibus
1071 1743 1176 1806 erescit,

58 1815 116 1865 nisi
140 1815 262 1880 superius
288 1815 360 1864 circa
380 1819 470 1880 partes
494 1812 632 1864 Babilonis
657 1811 801 1864 artificiose
827 1820 998 1864 conservetur
1026 1817 1055 1864 in
1083 1831 1175 1867 annos.

59 1887 99 1938 Et
118 1889 189 1938 sicut
208 1887 365 1950 andivimus,
386 1888 538 1937 cottannm¹
559 1903 640 1937 unum
660 1881 800 1936 undecimi
814 1887 943 1938 Bisautiis
962 1888 1129 1939 vendebatur
1147 1890 1175 1939 in

60 1976 103 2012 ea
136 1963 179 2010 Ex
197 1962 322 2027 angustia
340 1961 418 2010 famis
439 1962 544 2011 diversa
558 1961 706 2011 morborum
720 1961 967 2026 generavexabant
986 1977 1041 2012 eos.
1079 1958 1177 2014 Interk

62 2040 156 2086 cetera
176 2035 260 2085 eciam
281 2050 332 2100 que
352 2035 531 2085 sustinuerunt
556 2033 726 2084 incommode
749 2034 871 2085 noctibus
896 2034 977 2086 velud
1002 2037 1099 2087 aorisia
1118 2052 1178 2103 per·

62 2111 145 2171 cassi,
166 2109 265 2175 apertis
285 2107 370 2158 oculis
389 2107 472 2158 nichil
491 2108 583 2158 videre
604 2107 772 2158 dicebantur.
813 2106 946 2159 Soldunus
960 2108 993 2159 de
1008 2110 1051 2159 die
1064 2111 1091 2159 in
1106 2110 1176 2160 diem

59 2183 140 2234 vanis
150 2183 368 2248 promissionibus
378 2183 451 2247 ipsos
462 2196 478 2230 a
488 2181 624 2232 deditione
635 2182 763 2241 hortatus,
774 2180 881 2248 decepit
890 2183 1009 2233 miseros.
1040 2183 1178 2234 Postremo

60 2261 154 2323 portas
181 2256 368 2307 obstruxerunt
394 2257 561 2315 intrinsecus,
592 2270 626 2304 ne
652 2250 764 2320 aliquisl
790 2254 823 2304 de
852 2256 906 2306 suis
935 2256 969 2306 ad
994 2272 1042 2308 nos
1067 2259 1178 2308 veniens

60 2331 224 2392 annetieret,
244 2328 316 2395 qnod
338 2328 394 2379 dies
414 2328 567 2378 afflictionis
580 2328 749 2394 possiderent
762 2343 817 2380 eos.
838 2329 867 2380 Si
887 2330 1008 2395 quivero
1028 2345 1076 2396 per
1095 2332 1178 2396 posti·

60 2404 129 2454 tium
150 2402 195 2453 vel
216 2402 248 2453 de
269 2403 351 2453 muris
370 2401 485 2452 evadere
504 2406 654 2468 potuerunt,
673 2401 759 2452 inflati
773 2409 800 2452 et
814 2402 932 2453 famelici
952 2404 1049 2453 civium
1070 2419 1176 2455 suorum

60 2477 216 2542 angustiam
235 2476 385 2543 probabant
403 2475 550 2526 evidenter.
588 2475 648 2527 illis
668 2477 753 2526 eciam
774 2477 819 2542 qui
832 2476 895 2528 ioris
915 2477 943 2527 in
957 2479 1076 2528 exercitu
1086 2477 1178 2529 Sarra·

61 2565 191 2601 cenorum
210 2566 258 2601 nos
279 2550 440 2601 obsederunt
459 2550 538 2616 copia
556 2551 633 2615 panis
654 2555 682 2600 et
694 2549 786 2615 pabuli
807 2551 879 2616 cepit
898 2549 1064 2602 decrescere.
1101 2551 1178 2602 Nilus

60 2622 206 2690 siquidem,
232 2624 278 2689 qui
296 2629 357 2690 post
375 2623 472 2674 festum
496 2624 583 2674 sancti
602 2622 729 2674 Iohannis
748 2623 881 2690 baptistae
905 2640 989 2690 usque
1015 2624 1050 2675 ad
1068 2624 1178 2676 Exulta-

60 2699 164 2748 tionem
192 2702 284 2748 sancte
310 2698 396 2747 crucis
425 2695 495 2747 solet
523 2711 679 2748 excrescere
708 2702 734 2747 et
759 2697 860 2764 Egypti
883 2696 1021 2763 planitiem
1056 2699 1177 2764 irrigare,

60 2770 116 2822 hoo
136 2785 206 2821 anuo
225 2786 299 2822 more
319 2787 367 2822 sno
387 2786 439 2819 non
459 2769 583 2820 ascendit
602 2769 637 2820 ad
655 2772 760 2836 signnm
781 2770 852 2836 quod
868 2787 968 2836 ponere
983 2777 1178 2824 consueverunt

60 2844 186 2910 Egyptii,
211 2843 269 2908 sed,
295 2850 325 2894 ut
343 2842 532 2905 intelleximus,
558 2859 681 2909 magnam
709 2849 812 2909 partem
837 2850 907 2895 terre
932 2846 1033 2896 siccam
1061 2845 1178 2912 reliquit,

61 2933 116 2985 que
143 2933 194 2967 nee
223 2918 293 2968 arari
320 2932 372 2967 neo
403 2918 529 2968 seminari
556 2921 662 2983 poterat
693 2933 741 2968 suo
773 2922 901 2984 tempore.
944 2918 1022 2969 Unde
1051 2918 1178 2971 soldanus

62 2991 200 3042 canadam
219 2993 316 3042 timens
335 2990 378 3041 vel
401 2991 508 3050 tamem,
535 2992 621 3041 eciam
646 3007 735 3041 amore
755 2990 895 3042 retinenda
914 2991 1039 3042 Damiate
1063 2991 1178 3056 illectus,

61 3064 146 3117 talem
167 3079 262 3131 pacem
283 3081 342 3115 curn
368 3065 449 3114 fratre
474 3080 522 3115 suo
547 3062 681 3115 Ooradino
708 3064 859 3115 christianis
884 3064 989 3128 obtulit,
1017 3071 1047 3115 ut
1072 3081 1178 3116 crucem

60 3143 222 3201 sannanim,
235 3154 287 3204 qne
301 3137 363 3188 olim
378 3138 553 3204 captafuorat
565 3139 593 3187 in
606 3139 719 3188 victoria
729 3136 860 3202 Saladini,
875 3153 933 3188 cum
949 3138 1064 3188 Ciuitate
1078 3139 1178 3190 Sancta

62 3217 92 3262 et
111 3212 234 3263 omnibns
255 3213 377 3278 captivis,
397 3213 442 3278 qni
460 3227 508 3278 per
526 3227 636 3276 regnum
650 3211 789 3262 Babilonis
808 3217 835 3262 et
849 3211 978 3262 Damasci
996 3213 1051 3262 vivi
1069 3212 1178 3278 reperiri

61 3291 183 3354 possent,
211 3291 331 3352 sumptus
361 3286 447 3336 eciam
477 3283 511 3334 sd
540 3284 703 3352 reparandos
731 3300 819 3336 muros
846 3284 1011 3336 iherusalem
1040 3285 1179 3349 redderet3

60 3361 173 3425 insuper
198 3374 309 3426 regnum
330 3359 590 3410 iherosolimitanum
615 3357 734 3410 totaliter
758 3361 910 3409 restitueret
933 3364 1022 3426 preter
1047 3359 1177 3410 Graccum

63 3439 93 3484 et
111 3433 231 3483 Montem
251 3431 391 3497 Regulam.
430 3433 481 3482 Pro
502 3432 598 3497 quibus
617 3433 764 3483 retinendis
783 3431 909 3484 tributum
930 3432 1034 3498 optulit,
1050 3433 1179 3499 quamdiu

62 3511 162 3572 treuga
187 3505 301 3557 duraret.
340 3505 409 3556 Sunt
439 3511 528 3556 autern
557 3506 608 3556 hoc
637 3506 690 3557 duo
718 3505 781 3556 loca
807 3507 835 3554 iu
854 3505 955 3556 Arabia
983 3507 1043 3570 sita,
1074 3513 1177 3574 septem

62 3580 226 3632 munitiones
246 3578 410 3631 firmissimas
436 3579 572 3640 babentia,
597 3586 668 3645 perll
692 3595 744 3645 que
767 3579 953 3644 negociatores
973 3580 1177 3632 Sarracenorum

62 3719 86 3771 a)
100 3722 134 3760 ita
145 3721 186 3771 1i,=
201 3720 277 3761 abicio
292 3732 309 3761 a.
318 3731 326 3771 ‚·
342 3720 431 3760 obiecto
448 3719 489 3770 θ.,·
504 3719 567 3759 adito
583 3719 622 3768 t.,·
632 3719 689 3768 fort.
706 3719 795 3760 relicto.
831 3718 854 3770 b)
871 3721 1026 3770 mangenellis
1041 3721 1136 3762 tarchiis
1151 3722 1179 3763 L.

63 3779 85 3831 c)
103 3785 181 3820 nostra
195 3781 218 3820 t.
279 3778 473 3832 d)m.nobis1a
521 3777 544 3829 s)
559 3777 679 3820 Salvarico
695 3779 723 3818 de
739 3779 801 3819 Maio
817 3779 895 3820 Leone
910 3780 936 3820 Ia
985 3778 1097 3832 ilcestre
1113 3793 1136 3823 n.
1152 3782 1178 3822 L.

62 3837 88 3891 g)
96 3840 221 3891 interiecti,
230 3840 327 3880 sauciati
337 3843 359 3879 et
369 3839 481 3879 combusti
489 3838 517 3878 ab
526 3838 552 3878 L.
583 3836 607 3889 h)
615 3839 705 3878 rubrum
713 3838 773 3877 addit
781 3838 821 3878 L:
833 3839 869 3878 De
878 3840 984 3888 captione
992 3840 1055 3880 urbis
1063 3841 1178 3883 Damtste.

62 3896 81 3950 i)
98 3900 221 3938 duodecim
235 3899 261 3939 L.
351 3896 376 3949 k)
392 3899 426 3937 lta
440 3901 466 3938 ut
481 3908 509 3938 ex
525 3899 607 3948 capitis
622 3898 780 3938 exinanitione
793 3898 857 3938 virus
872 3898 1033 3939 obscuraretur
1048 3903 1071 3940 et
1086 3900 1180 3949 plurimi

64 3968 146 3999 eorum
154 3959 241 4008 apertis
258 3959 360 3998 iacentes
377 3958 450 3998 oculis
466 3957 538 3996 nichil
548 3957 687 3998 riderenth.
747 3955 765 4009 1)
780 3967 809 3998 ne
824 3957 890 3998 nobis
906 3958 934 3997 ab
950 3959 1029 4007 aliquo
1045 3959 1179 4008 egrediente

64 4027 146 4058 eorum
167 4019 333 4057 nunciarentur
353 4017 499 4058 incommoda
515 4016 540 4056 L.
605 4015 637 4067 m)
653 4027 671 4056 s.
689 4025 703 4055 a
719 4016 852 4056 christianis
874 4017 929 4056 olim
953 4018 1066 4067 perditam
1086 4028 1138 4058 cum
1154 4018 1180 4060 L.

64 4073 90 4126 n)
107 4077 149 4116 Est
163 4079 239 4116 antem
255 4087 297 4126 per
312 4087 341 4117 ea
356 4080 510 4118 mercatorum
526 4079 573 4115 tam
590 4075 767 4115 christianorum
791 4086 859 4124 quam
873 4074 1054 4117 Sarracenorum
1069 4078 1179 4118 transitur

65 4139 113 4176 tam
130 4137 159 4175 ad
174 4137 276 4186 ipsorum
292 4139 365 4177 metas
381 4135 524 4177 tendentium
541 4145 609 4184 qnam
624 4136 654 4174 ad
670 4144 712 4174 nos
728 4135 874 4175 redeuntium
890 4135 916 4176 L.

69 4256 95 4316 1)
116 4260 257 4306 coctarum
273 4253 345 4319 an,
365 4255 397 4307 de
416 4271 466 4320 quo
486 4252 612 4305 uocabulo
626 4271 651 4306 o.
662 4253 792 4320 Daconye
811 4253 852 4304 ed.
865 4252 998 4306 Heneoltel
1007 4253 1048 4317 Il,
1065 4272 1095 4320 p.
1110 4256 1178 4324 ili,

68 4335 205 4379 cortanum
226 4327 256 4378 L.

905 4413 946 4476 22
