2924 5006
53 431 232 484 caeculus
244 430 357 483 REGIA
371 428 622 482 cotomunsls.
642 429 746 481 CONT.
756 430 795 481 Il.
813 430 845 483 A.
858 429 936 482 1212.
949 431 1029 482 1213.
1078 428 1128 479 189

22 601 198 667 desinenter
217 600 393 664 amicorum
409 596 549 662 consiliis
565 618 603 660 ac
617 597 900 663 ammonitionibus
915 607 1130 685 appeteretur,

26 684 174 751 bellorum
209 683 304 746 minis
344 703 382 745 ac
425 679 601 746 terroribus
644 680 827 767 frequenter
860 693 1131 768 pertemptaretur

22 769 167 854 omnique
194 789 311 853 genere
343 766 594 852 interpositionis
624 764 663 829 de
689 765 945 833 reconciliatione
974 767 1083 852 sepius
1111 788 1130 829 a

29 852 122 918 multis
151 862 311 936 ageretur,
346 853 415 938 ipse
442 849 666 914 nichilominus
695 863 800 916 mente
829 851 997 934 obstinata,
1026 852 1129 916 fronte

24 937 196 1018 obfirmata,
218 957 395 1022 numquam
415 935 601 1022 imperatori
622 933 718 998 fidem
741 958 775 1000 se
796 935 955 1001 facturum
976 943 1131 1000 contesta-

29 1023 119 1088 batur.
205 1020 330 1085 Eodem
352 1029 496 1105 tempore
523 1020 608 1083 circa
634 1019 752 1082 festum
776 1029 884 1085 sancte
906 1021 1084 1105 Margarete
1093 1024 1184 1066 '⁴1¹⁴‘-
1193 1024 1228 1065 13·

30 1108 190 1191 inperator
211 1104 332 1169 ducens
353 1102 451 1167 filiam
477 1104 563 1188 regis
585 1102 727 1190 Philippi
747 1104 835 1190 apud
855 1105 1030 1169 Northusin
1052 1126 1130 1190 nup-

31 1191 101 1255 tiasl
124 1187 314 1271 celebravit3
336 1211 398 1274 que
416 1209 481 1252 non
495 1187 595 1251 multo
610 1199 684 1271 post
698 1188 872 1253 miserabili
886 1189 950 1253 fato
973 1191 1005 1252 in
1021 1198 1130 1254 trenos

27 1294 170 1339 converse
194 1282 284 1354 sunt3
305 1293 379 1336 narn
403 1271 573 1336 decimaM
594 1282 669 1356 post
695 1272 754 1336 hec
780 1275 852 1359 ipsa
878 1272 931 1339 die
952 1274 1039 1337 viam
1061 1275 1130 1337 uni-

31 1380 108 1423 verse
129 1359 237 1421 carnis
259 1358 413 1442 ingressa,
436 1359 596 1421 inmatura
618 1378 655 1419 ac
676 1358 812 1421 nimium
827 1358 1008 1423 miseranda
1028 1369 1130 1422 morte

29 1464 79 1506 sua
103 1463 167 1506 non
196 1440 300 1506 solum
326 1441 521 1527 imperatori,
550 1462 661 1504 verum
688 1443 776 1505 omni
803 1443 959 1508 exercitui
985 1441 1130 1506 intolera

30 1525 112 1591 bilem
144 1524 289 1590 dolorem
325 1527 469 1590 incussit.
533 1525 713 1611 Imperator
749 1527 925 1590 exercitum
960 1525 1131 1594 absolvens

30 1610 138 1675 Thurin
163 1611 293 1696 ’amque
314 1608 507 1697 relinquens,
533 1610 567 1672 in
594 1617 701 1696 partes
728 1611 907 1697 superiores
930 1633 964 1675 se
986 1610 1130 1692 contulit,

31 1697 69 1758 rei
80 1632 207 1781 pubhhe
223 1693 393 1758 consulens
408 1692 609 1758 utilitatibus.
682 1694 721 1758 ln
733 1695 979 1781 quadragesima
991 1695 1131 1759 Sifridus

31 1777 225 1864 llsguntinus
247 1778 506 1864 archiepiscopus
520 1799 540 1841 a
554 1776 684 1842 domino
698 1800 784 1864 papa
798 1778 961 1864 delegatus
977 1779 1130 1844 Ottonem

32 1864 245 1949 imperatorem
259 1860 386 1949 publice
400 1861 620 1948 pronuntiavit
630 1865 952 1941 excommunicatum,
965 1863 1130 1927 Thiricum

31 1948 114 2011 etiam
127 1946 353 2012 Coloniensem
368 1945 646 2032 archiepiscopum
667 1949 969 2031 excommunicavit,
991 1970 1029 2013 eo
1045 1947 1132 2096 qpod

34 2032 138 2117 etipse
159 2032 387 2117 imperatorem
415 2029 590 2096 secundum
619 2030 805 2095 mandatum
828 2053 912 2117 pape
941 2054 1006 2096 non
1028 2054 1132 2097 soum

34 2137 86 2179 non
111 2115 413 2197 excommunicavit,
443 2137 554 2180 verum
586 2115 621 2178 in
647 2115 795 2179 omnibus
823 2118 853 2181 ei
884 2117 1131 2198 communicare,

33 2199 190 2281 celebrare,
215 2201 334 2264 crisma
359 2221 545 2264 consecrare
571 2202 780 2286 presumpsit3
809 2199 894 2264 bona
913 2202 1009 2266 etiam
1031 2202 1131 2266 eccle-

36 2284 147 2366 siarum,
177 2306 316 2371 quarum
337 2295 475 2349 rectores
497 2306 570 2349 eum
596 2305 656 2370 pro
678 2287 956 2350 excommunicato
977 2283 1132 2367 vitabant,

12 2381 13 2384 ’
36 2365 210 2454 depredatus
234 2379 291 2451 est,
319 2368 457 2455 quedam
478 2369 591 2432 amicis
612 2380 644 2433 ct
666 2371 811 2454 cognatis
840 2371 905 2434 suis
927 2369 1133 2455 depredanda

35 2453 224 2536 contradidit3
254 2474 316 2538 pro.
335 2452 452 2539 quibus
475 2463 506 2518 et
526 2452 597 2516 aliis
619 2452 737 2535 multis,
768 2455 883 2553 quibus
912 2455 1079 2540 tyrannice
1101 2463 1133 2519 et

35 2535 188 2602 indiscrete
209 2536 330 2601 abusus
353 2546 410 2618 est,
433 2536 587 2622 dignitate
609 2537 782 2636 episcopah
803 2540 948 2625 privatus
970 2548 1027 2604 est.

103 2621 286 2686 Fridericus
297 2643 356 2685 rex
368 2620 485 2703 Sicilie,
497 2621 642 2685 Heinricl
654 2621 815 2708 quondam
825 2624 1027 2709 imperatoris
1038 2622 1132 2704 filius,

35 2703 181 2770 adomino
195 2726 284 2791 papa
305 2716 337 2769 et
351 2704 544 2792 quibusdam
558 2706 661 2791 princi
685 2707 758 2772 ibus
772 2707 908 2772 Romam
923 2708 1133 2795 [invitatlus‘¹,

37 2785 182 2873 inregcm
204 2798 340 2872 creatur,
360 2798 577 2876 perceptaque
600 2811 661 2854 con
734 2795 841 2856 atione
863 2800 894 2857 et
910 2791 1132 2857 benedictione

36 2871 209 2954 apostolica,
238 2872 375 2954 Italiam,
404 2873 567 2956 Tusciam,
589 2873 806 2940 Loubardiam
834 2878 1067 2962 pertransiens,
1098 2877 1131 2940 in

39 2950 159 3020 Galliam
179 2957 320 3038 devenit,
348 2957 404 3023 ubi
425 2959 458 3021 in
479 2958 561 3022 festo
583 2960 686 3024 sancti
707 2957 836 3026 Andree
857 2961 944 3046 apud
967 2960 1244 3026 artures-sao.

38 3049 111 3102 vort⁰
133 3043 222 3106 curia
243 3041 362 3124 hahita,
385 3042 618 3129 aprincipibus
634 3043 891 3130 quamplurimis
912 3047 946 3108 in
960 3068 994 3110 re
1019 3068 1069 3109 cm
1084 3054 1133 3110 est

38 3118 213 3208 declaratus;
249 3127 357 3213 sicque
386 3127 489 3212 magis
516 3147 554 3190 ac
579 3128 682 3213 magis
713 3128 747 3191 in
768 3150 868 3214 regno
896 3068 1132 3210 convalescens,

38 3208 109 3272 etin
128 3213 248 3276 cunctis
274 3233 308 3275 se
336 3209 485 3277 nobiliter
505 3232 613 3296 agens,
641 3212 783 3277 favorem
811 3234 849 3277 ac
879 3212 1133 3278 benevolentiam

39 3293 162 3358 omnium
183 3296 293 3358 innata
314 3295 377 3360 sibi
398 3293 586 3360 liberalitate
608 3295 769 3382 captabat.

107 3376 230 3444 Tiricus
245 3380 458 3445 Traiectensis
477 3381 651 3468 episcopus
670 3379 765 3463 obiit;
788 3382 840 3445 cui
855 3379 941 3462 Otto,
958 3381 1132 3445 Xantensis

40 3462 211 3546 prepositus,
233 3463 331 3528 frater
352 3464 477 3528 comitis
498 3463 538 3529 de
561 3463 668 3545 Gelre,
691 3466 853 3530 successit.

255 3547 349 3612 Anno
371 3547 531 3612 dominice
552 3548 780 3614 incarnationis
805 3550 895 3615 1213.

107 3628 285 3696 Fridericus
313 3653 373 3697 rex
399 3631 488 3719 apud
510 3632 666 3698 Reinsber
697 3643 719 3715 ³,
749 3632 825 3699 Otto
852 3655 929 3699 vero
957 3635 1135 3720 imperator

41 3709 113 3792 apud
137 3713 283 3780 Bunnam
311 3714 416 3781 natale
437 3716 571 3781 Domini
601 3656 783 3799 celebravit,
812 3719 846 3782 in
875 3718 967 3783 cirins
995 3717 1133 3782 confinio

43 3866 232 3925 blismurus.
277 3879 450 3930 blaterass.
496 3878 676 3932 onomaton.
721 3880 881 3932 dlwcs'deruat
889 3882 975 3934 flastra
989 3879 1134 3923 chartam.

43 3924 62 3977 θ)
71 3930 230 3980 Francksnvort
245 3939 266 3978 A
273 3939 294 3980 2,

47 4057 69 4124 ¹)
84 4063 129 4118 Dis
153 4070 287 4122 dominica
312 4077 375 4122 ante
400 4072 497 4123 fastum
524 4073 597 4123 besti
617 4073 712 4123 Iscobi
738 4072 805 4136 (Iul.
828 4073 886 4138 22),
913 4073 998 4140 lipiat
1023 4071 1134 4136 ottonis,

45 4129 99 4186 Asta
113 4141 170 4208 imp.
178 4161 209 4210 p.
222 4146 285 4197 231.
360 4144 390 4212 2)
403 4143 467 4208 Alii,
485 4153 583 4210 quarta
600 4146 644 4198 ael
654 4155 753 4211 quarta
772 4146 874 4199 decima
892 4146 1005 4212 stirpest
1023 4145 1135 4212 nuptias

46 4203 171 4266 BWrieem
193 4217 300 4282 obiisse,
332 4219 459 4280 tredactf
493 4220 540 4270 aad
569 4218 596 4270 d.
623 4219 665 4271 11.
689 4220 805 4288 Augusti
824 4221 1032 4286 praeferasdum
1057 4220 1136 4272 duait

51 4276 209 4341 Wolelmonu
226 4290 269 4355 II,
285 4309 314 4358 p.
334 4289 396 4343 809.
471 4291 501 4359 3)
524 4291 600 4354 Quos
618 4310 677 4343 cam
700 4293 888 4360 diplomatibus
911 4310 965 4345 aon
984 4293 1134 4356 concordat,

47 4365 102 4414 Μ
117 4359 277 4418 fridericum
290 4382 376 4432 prope
392 4364 513 4417 Rbeatam
532 4374 718 4418 commoratum
738 4383 792 4420 esse
811 4367 965 4428 ostenduam
984 4367 1030 4420 sed
1048 4383 1135 4419 mense

48 4421 159 4487 lassaris
179 4439 255 4493 1213.
276 4438 451 4506 Ratisporrcm
467 4439 602 4506 profectus
621 4448 668 4492 est.
