<?xml version="1.0" encoding="UTF-8"?>
<!DOCTYPE html PUBLIC "-//W3C//DTD XHTML 1.0 Transitional//EN"
    "http://www.w3.org/TR/xhtml1/DTD/xhtml1-transitional.dtd">
<html xmlns="http://www.w3.org/1999/xhtml" xml:lang="en" lang="en">
 <head>
  <title>
</title>
<meta http-equiv="Content-Type" content="text/html;charset=utf-8" />
  <meta name='ocr-system' content='tesseract 3.04.00' />
  <meta name='ocr-capabilities' content='ocr_page ocr_carea ocr_par ocr_line ocrx_word'/>
</head>
<body>
  <div class='ocr_page' id='page_1' title='image "./chronicaregiaco01waitgoog_0295.png"; bbox 0 0 2934 4998; ppageno 0'>
   <div class='ocr_carea' id='block_1_1' title="bbox 101 412 1188 469">
    <p class='ocr_par' dir='ltr' id='par_1_1' title="bbox 101 412 1188 469">
     <span class='ocr_line' id='line_1_1' title="bbox 101 412 1188 469; baseline 0.005 -5"><span class='ocrx_word' id='word_1_1' title='bbox 101 412 292 466; x_wconf 80' lang='lat' dir='ltr'><strong>CHRONIOA</strong></span> <span class='ocrx_word' id='word_1_2' title='bbox 305 412 416 465; x_wconf 78' lang='lat' dir='ltr'><strong>REGIA</strong></span> <span class='ocrx_word' id='word_1_3' title='bbox 430 412 683 468; x_wconf 81' lang='lat' dir='ltr'>COLONIENSIS.</span> <span class='ocrx_word' id='word_1_4' title='bbox 703 414 807 467; x_wconf 79' lang='lat' dir='ltr'>CONT.</span> <span class='ocrx_word' id='word_1_5' title='bbox 819 416 866 469; x_wconf 86' lang='lat' dir='ltr'><strong>1v.</strong></span> <span class='ocrx_word' id='word_1_6' title='bbox 885 416 917 468; x_wconf 77' lang='lat' dir='ltr'><strong>A.</strong></span> <span class='ocrx_word' id='word_1_7' title='bbox 930 415 1010 468; x_wconf 77' lang='lat'><strong>1231.</strong></span> <span class='ocrx_word' id='word_1_8' title='bbox 1022 416 1102 467; x_wconf 75' lang='lat'>1232.</span> <span class='ocrx_word' id='word_1_9' title='bbox 1135 417 1188 469; x_wconf 78' lang='lat'><strong>263</strong></span> 
     </span>
    </p>
   </div>
   <div class='ocr_carea' id='block_1_2' title="bbox 20 581 1295 2101">
    <p class='ocr_par' dir='ltr' id='par_1_2' title="bbox 62 581 1190 752">
     <span class='ocr_line' id='line_1_2' title="bbox 62 581 1190 669; baseline 0.005 -25"><span class='ocrx_word' id='word_1_10' title='bbox 62 602 158 667; x_wconf 88' lang='lat' dir='ltr'><strong>pape</strong></span> <span class='ocrx_word' id='word_1_11' title='bbox 181 603 277 667; x_wconf 88' lang='lat' dir='ltr'><strong>super</strong></span> <span class='ocrx_word' id='word_1_12' title='bbox 297 590 466 668; x_wconf 89' lang='lat' dir='ltr'><strong>paternum</strong></span> <span class='ocrx_word' id='word_1_13' title='bbox 487 581 622 646; x_wconf 88' lang='lat' dir='ltr'><strong>fundum</strong></span> <span class='ocrx_word' id='word_1_14' title='bbox 638 583 817 648; x_wconf 89' lang='lat' dir='ltr'><strong>constituto.</strong></span> <span class='ocrx_word' id='word_1_15' title='bbox 860 581 940 647; x_wconf 92' lang='lat' dir='ltr'><strong>Inde</strong></span> <span class='ocrx_word' id='word_1_16' title='bbox 961 583 1136 669; x_wconf 87' lang='lat' dir='ltr'><strong>imperator</strong></span> <span class='ocrx_word' id='word_1_17' title='bbox 1156 586 1190 650; x_wconf 92' lang='lat' dir='ltr'><strong>in</strong></span> 
     </span>
     <span class='ocr_line' id='line_1_3' title="bbox 62 663 450 752; baseline 0.003 -24"><span class='ocrx_word' id='word_1_18' title='bbox 62 663 228 752; x_wconf 82' lang='lat' dir='ltr'><strong>Apuliam</strong></span> <span class='ocrx_word' id='word_1_19' title='bbox 249 667 450 732; x_wconf 84' lang='lat' dir='ltr'><strong>revertitur1.</strong></span> 
     </span>
    </p>

    <p class='ocr_par' dir='ltr' id='par_1_3' title="bbox 59 748 1295 1680">
     <span class='ocr_line' id='line_1_4' title="bbox 157 748 1187 839; baseline 0.003 -25"><span class='ocrx_word' id='word_1_20' title='bbox 157 750 267 814; x_wconf 88' lang='lat' dir='ltr'><strong>Padus</strong></span> <span class='ocrx_word' id='word_1_21' title='bbox 288 749 404 816; x_wconf 89' lang='lat' dir='ltr'><strong>fluvius</strong></span> <span class='ocrx_word' id='word_1_22' title='bbox 426 751 460 815; x_wconf 93' lang='lat' dir='ltr'><strong>in</strong></span> <span class='ocrx_word' id='word_1_23' title='bbox 480 748 574 814; x_wconf 87' lang='lat' dir='ltr'><strong>Italia</strong></span> <span class='ocrx_word' id='word_1_24' title='bbox 601 749 789 815; x_wconf 87' lang='lat' dir='ltr'><strong>mirabiliter</strong></span> <span class='ocrx_word' id='word_1_25' title='bbox 812 749 961 816; x_wconf 85' lang='lat' dir='ltr'><strong>exundat.</strong></span> <span class='ocrx_word' id='word_1_26' title='bbox 1046 752 1187 839; x_wconf 85' lang='lat' dir='ltr'><strong>Eclipsis</strong></span> 
     </span>
     <span class='ocr_line' id='line_1_5' title="bbox 61 832 1295 902; baseline 0.002 -5"><span class='ocrx_word' id='word_1_27' title='bbox 61 832 149 898; x_wconf 87' lang='lat' dir='ltr'><strong>solis</strong></span> <span class='ocrx_word' id='word_1_28' title='bbox 202 833 378 899; x_wconf 86' lang='lat' dir='ltr'><strong>articularis</strong></span> <span class='ocrx_word' id='word_1_29' title='bbox 410 834 496 900; x_wconf 88' lang='lat' dir='ltr'><strong>facta</strong></span> <span class='ocrx_word' id='word_1_30' title='bbox 517 844 564 898; x_wconf 87' lang='lat' dir='ltr'><strong>est</strong></span> <span class='ocrx_word' id='word_1_31' title='bbox 593 836 678 898; x_wconf 89' lang='lat' dir='ltr'><strong>circa</strong></span> <span class='ocrx_word' id='word_1_32' title='bbox 707 843 810 898; x_wconf 89' lang='lat' dir='ltr'><strong>ortum</strong></span> <span class='ocrx_word' id='word_1_33' title='bbox 838 834 912 898; x_wconf 87' lang='lat' dir='ltr'><strong>solis</strong></span> <span class='ocrx_word' id='word_1_34' title='bbox 940 837 969 900; x_wconf 75' lang='lat'><strong>2.</strong></span> <span class='ocrx_word' id='word_1_35' title='bbox 993 835 1070 900; x_wconf 91' lang='lat' dir='ltr'><strong>Idus</strong></span> <span class='ocrx_word' id='word_1_36' title='bbox 1090 837 1295 902; x_wconf 68' lang='lat' dir='ltr'><strong>Iuniiruarr.</strong></span> 
     </span>
     <span class='ocr_line' id='line_1_6' title="bbox 189 917 1185 1003; baseline 0.005 -21"><span class='ocrx_word' id='word_1_37' title='bbox 189 917 282 984; x_wconf 88' lang='lat' dir='ltr'><strong>odem</strong></span> <span class='ocrx_word' id='word_1_38' title='bbox 314 941 398 984; x_wconf 89' lang='lat' dir='ltr'><strong>anno</strong></span> <span class='ocrx_word' id='word_1_39' title='bbox 430 919 604 1003; x_wconf 89' lang='lat' dir='ltr'><strong>imperator</strong></span> <span class='ocrx_word' id='word_1_40' title='bbox 630 919 782 984; x_wconf 82' lang='lat' dir='ltr'><strong>Ravenna</strong></span> <span class='ocrx_word' id='word_1_41' title='bbox 815 919 936 983; x_wconf 88' lang='lat' dir='ltr'><strong>curiam</strong></span> <span class='ocrx_word' id='word_1_42' title='bbox 966 918 1106 985; x_wconf 81' lang='lat' dir='ltr'><strong>celebrat</strong></span> <span class='ocrx_word' id='word_1_43' title='bbox 1133 921 1185 988; x_wconf 90' lang='lat' dir='ltr'><strong>die</strong></span> 
     </span>
     <span class='ocr_line' id='line_1_7' title="bbox 59 1001 1293 1090; baseline 0.005 -26"><span class='ocrx_word' id='word_1_44' title='bbox 59 1001 189 1068; x_wconf 84' lang='lat' dir='ltr'><strong>natalis</strong></span> <span class='ocrx_word' id='word_1_45' title='bbox 224 1003 373 1086; x_wconf 85' lang='lat' dir='ltr'><strong>Domini,</strong></span> <span class='ocrx_word' id='word_1_46' title='bbox 413 1002 534 1068; x_wconf 80' lang='lat' dir='ltr'><strong>ibidem</strong></span> <span class='ocrx_word' id='word_1_47' title='bbox 570 1003 749 1090; x_wconf 72' lang='lat' dir='ltr'><strong>imperiali³</strong></span> <span class='ocrx_word' id='word_1_48' title='bbox 785 1001 965 1069; x_wconf 87' lang='lat' dir='ltr'><strong>diademate</strong></span> <span class='ocrx_word' id='word_1_49' title='bbox 1006 1004 1184 1089; x_wconf 82' lang='lat' dir='ltr'><strong>insignitus.</strong></span> <span class='ocrx_word' id='word_1_50' title='bbox 1195 1026 1246 1068; x_wconf 74' lang='lat' dir='ltr'><strong>oe.</strong></span> <span class='ocrx_word' id='word_1_51' title='bbox 1254 1026 1293 1070; x_wconf 75' lang='lat' dir='ltr'><strong>aa.</strong></span> 
     </span>
     <span class='ocr_line' id='line_1_8' title="bbox 59 1085 1185 1153; baseline 0.003 -3"><span class='ocrx_word' id='word_1_52' title='bbox 59 1085 159 1151; x_wconf 88' lang='lat' dir='ltr'><strong>Ante</strong></span> <span class='ocrx_word' id='word_1_53' title='bbox 194 1087 277 1152; x_wconf 88' lang='lat' dir='ltr'><strong>hano</strong></span> <span class='ocrx_word' id='word_1_54' title='bbox 313 1089 434 1152; x_wconf 87' lang='lat' dir='ltr'><strong>curiam</strong></span> <span class='ocrx_word' id='word_1_55' title='bbox 470 1088 595 1152; x_wconf 83' lang='lat' dir='ltr'><strong>circiter</strong></span> <span class='ocrx_word' id='word_1_56' title='bbox 634 1097 710 1153; x_wconf 88' lang='lat' dir='ltr'><strong>tres</strong></span> <span class='ocrx_word' id='word_1_57' title='bbox 735 1109 860 1151; x_wconf 87' lang='lat' dir='ltr'><strong>menses</strong></span> <span class='ocrx_word' id='word_1_58' title='bbox 895 1087 1080 1152; x_wconf 70' lang='lat' dir='ltr'><strong>Ludviousb</strong></span> <span class='ocrx_word' id='word_1_59' title='bbox 1118 1088 1185 1153; x_wconf 87' lang='lat' dir='ltr'><strong>dux</strong></span> 
     </span>
     <span class='ocr_line' id='line_1_9' title="bbox 60 1169 1185 1258; baseline 0.003 -25"><span class='ocrx_word' id='word_1_60' title='bbox 60 1169 239 1236; x_wconf 79' lang='lat' dir='ltr'><strong>Bawarie⁰</strong></span> <span class='ocrx_word' id='word_1_61' title='bbox 262 1175 281 1236; x_wconf 77' lang='lat' dir='ltr'><strong>a</strong></span> <span class='ocrx_word' id='word_1_62' title='bbox 303 1170 441 1258; x_wconf 90' lang='lat' dir='ltr'><strong>quodam</strong></span> <span class='ocrx_word' id='word_1_63' title='bbox 465 1171 652 1254; x_wconf 85' lang='lat' dir='ltr'><strong>Sarraceno,</strong></span> <span class='ocrx_word' id='word_1_64' title='bbox 681 1172 800 1235; x_wconf 90' lang='lat' dir='ltr'><strong>nuncio</strong></span> <span class='ocrx_word' id='word_1_65' title='bbox 820 1171 929 1236; x_wconf 89' lang='lat' dir='ltr'><strong>Vetuli</strong></span> <span class='ocrx_word' id='word_1_66' title='bbox 951 1172 991 1236; x_wconf 92' lang='lat' dir='ltr'><strong>de</strong></span> <span class='ocrx_word' id='word_1_67' title='bbox 1013 1173 1185 1256; x_wconf 88' lang='lat' dir='ltr'><strong>Montanis,</strong></span> 
     </span>
     <span class='ocr_line' id='line_1_10' title="bbox 60 1255 1185 1322; baseline 0.004 -4"><span class='ocrx_word' id='word_1_68' title='bbox 60 1257 101 1318; x_wconf 92' lang='lat' dir='ltr'><strong>in</strong></span> <span class='ocrx_word' id='word_1_69' title='bbox 128 1255 234 1320; x_wconf 89' lang='lat' dir='ltr'><strong>medio</strong></span> <span class='ocrx_word' id='word_1_70' title='bbox 256 1278 386 1320; x_wconf 87' lang='lat' dir='ltr'><strong>auorum</strong></span> <span class='ocrx_word' id='word_1_71' title='bbox 407 1265 456 1320; x_wconf 89' lang='lat' dir='ltr'><strong>est</strong></span> <span class='ocrx_word' id='word_1_72' title='bbox 477 1257 610 1320; x_wconf 89' lang='lat' dir='ltr'><strong>occisus.</strong></span> <span class='ocrx_word' id='word_1_73' title='bbox 654 1256 737 1320; x_wconf 88' lang='lat' dir='ltr'><strong>Nam</strong></span> <span class='ocrx_word' id='word_1_74' title='bbox 764 1255 850 1320; x_wconf 91' lang='lat' dir='ltr'><strong>idern</strong></span> <span class='ocrx_word' id='word_1_75' title='bbox 872 1255 1005 1320; x_wconf 86' lang='lat' dir='ltr'><strong>Vetulus</strong></span> <span class='ocrx_word' id='word_1_76' title='bbox 1034 1256 1074 1320; x_wconf 90' lang='lat' dir='ltr'><strong>de</strong></span> <span class='ocrx_word' id='word_1_77' title='bbox 1095 1259 1185 1322; x_wconf 91' lang='lat' dir='ltr'><strong>Mon-</strong></span> 
     </span>
     <span class='ocr_line' id='line_1_11' title="bbox 59 1339 1186 1426; baseline 0.004 -24"><span class='ocrx_word' id='word_1_78' title='bbox 59 1341 157 1404; x_wconf 89' lang='lat' dir='ltr'><strong>tanis</strong></span> <span class='ocrx_word' id='word_1_79' title='bbox 178 1341 362 1426; x_wconf 87' lang='lat' dir='ltr'><strong>imperatori</strong></span> <span class='ocrx_word' id='word_1_80' title='bbox 378 1339 608 1422; x_wconf 81' lang='lat' dir='ltr'><strong>confederatus,</strong></span> <span class='ocrx_word' id='word_1_81' title='bbox 630 1339 745 1405; x_wconf 88' lang='lat' dir='ltr'><strong>multas</strong></span> <span class='ocrx_word' id='word_1_82' title='bbox 759 1341 902 1421; x_wconf 89' lang='lat' dir='ltr'><strong>iniurias,</strong></span> <span class='ocrx_word' id='word_1_83' title='bbox 925 1362 1003 1426; x_wconf 89' lang='lat' dir='ltr'><strong>quas</strong></span> <span class='ocrx_word' id='word_1_84' title='bbox 1018 1341 1104 1406; x_wconf 87' lang='lat' dir='ltr'><strong>idem</strong></span> <span class='ocrx_word' id='word_1_85' title='bbox 1119 1341 1186 1406; x_wconf 88' lang='lat' dir='ltr'><strong>dux</strong></span> 
     </span>
     <span class='ocr_line' id='line_1_12' title="bbox 59 1424 1185 1509; baseline 0.004 -23"><span class='ocrx_word' id='word_1_86' title='bbox 59 1425 258 1509; x_wconf 88' lang='lat' dir='ltr'><strong>imperatori</strong></span> <span class='ocrx_word' id='word_1_87' title='bbox 289 1424 446 1508; x_wconf 88' lang='lat' dir='ltr'><strong>intulerat,</strong></span> <span class='ocrx_word' id='word_1_88' title='bbox 479 1424 615 1489; x_wconf 89' lang='lat' dir='ltr'><strong>intendit</strong></span> <span class='ocrx_word' id='word_1_89' title='bbox 646 1424 819 1490; x_wconf 87' lang='lat' dir='ltr'><strong>vindicare.</strong></span> <span class='ocrx_word' id='word_1_90' title='bbox 870 1424 943 1489; x_wconf 85' lang='lat' dir='ltr'><strong>Hoc</strong></span> <span class='ocrx_word' id='word_1_91' title='bbox 974 1434 1080 1490; x_wconf 85' lang='lat' dir='ltr'><strong>autem</strong></span> <span class='ocrx_word' id='word_1_92' title='bbox 1114 1447 1185 1490; x_wconf 84' lang='lat' dir='ltr'><strong>con-</strong></span> 
     </span>
     <span class='ocr_line' id='line_1_13' title="bbox 62 1508 1186 1596; baseline 0.002 -24"><span class='ocrx_word' id='word_1_93' title='bbox 62 1508 208 1572; x_wconf 84' lang='lat' dir='ltr'><strong>scientia</strong></span> <span class='ocrx_word' id='word_1_94' title='bbox 236 1509 438 1595; x_wconf 89' lang='lat' dir='ltr'><strong>imperatoris</strong></span> <span class='ocrx_word' id='word_1_95' title='bbox 467 1508 606 1574; x_wconf 89' lang='lat' dir='ltr'><strong>creditur</strong></span> <span class='ocrx_word' id='word_1_96' title='bbox 632 1518 758 1594; x_wconf 85' lang='lat' dir='ltr'><strong>gestum</strong></span> <span class='ocrx_word' id='word_1_97' title='bbox 788 1530 868 1589; x_wconf 85' lang='lat' dir='ltr'><strong>esse,</strong></span> <span class='ocrx_word' id='word_1_98' title='bbox 906 1509 981 1594; x_wconf 89' lang='lat' dir='ltr'><strong>quia</strong></span> <span class='ocrx_word' id='word_1_99' title='bbox 1012 1509 1186 1596; x_wconf 88' lang='lat' dir='ltr'><strong>imperator</strong></span> 
     </span>
     <span class='ocr_line' id='line_1_14' title="bbox 62 1591 1184 1680; baseline 0.003 -23"><span class='ocrx_word' id='word_1_100' title='bbox 62 1594 180 1678; x_wconf 91' lang='lat' dir='ltr'><strong>ipsum</strong></span> <span class='ocrx_word' id='word_1_101' title='bbox 202 1591 317 1659; x_wconf 88' lang='lat' dir='ltr'><strong>ducem</strong></span> <span class='ocrx_word' id='word_1_102' title='bbox 337 1591 434 1679; x_wconf 92' lang='lat' dir='ltr'><strong>paulo</strong></span> <span class='ocrx_word' id='word_1_103' title='bbox 449 1603 523 1657; x_wconf 89' lang='lat' dir='ltr'><strong>ante</strong></span> <span class='ocrx_word' id='word_1_104' title='bbox 539 1592 739 1657; x_wconf 89' lang='lat' dir='ltr'><strong>diffidaverat</strong></span> <span class='ocrx_word' id='word_1_105' title='bbox 760 1593 794 1656; x_wconf 92' lang='lat' dir='ltr'><strong>in</strong></span> <span class='ocrx_word' id='word_1_106' title='bbox 808 1591 905 1657; x_wconf 90' lang='lat' dir='ltr'><strong>rebus</strong></span> <span class='ocrx_word' id='word_1_107' title='bbox 928 1601 959 1658; x_wconf 90' lang='lat' dir='ltr'><strong>et</strong></span> <span class='ocrx_word' id='word_1_108' title='bbox 980 1593 1014 1657; x_wconf 94' lang='lat' dir='ltr'><strong>in</strong></span> <span class='ocrx_word' id='word_1_109' title='bbox 1035 1615 1184 1680; x_wconf 87' lang='lat' dir='ltr'><strong>persona,</strong></span> 
     </span>
    </p>

    <p class='ocr_par' dir='ltr' id='par_1_4' title="bbox 20 1675 1184 2101">
     <span class='ocr_line' id='line_1_15' title="bbox 63 1675 615 1762; baseline 0 -22"><span class='ocrx_word' id='word_1_110' title='bbox 63 1677 171 1742; x_wconf 84' lang='lat' dir='ltr'><strong>misso</strong></span> <span class='ocrx_word' id='word_1_111' title='bbox 193 1677 235 1741; x_wconf 90' lang='lat' dir='ltr'><strong>ad</strong></span> <span class='ocrx_word' id='word_1_112' title='bbox 256 1677 317 1742; x_wconf 85' lang='lat' dir='ltr'><strong>hoo</strong></span> <span class='ocrx_word' id='word_1_113' title='bbox 337 1679 450 1742; x_wconf 90' lang='lat' dir='ltr'><strong>nuntio</strong></span> <span class='ocrx_word' id='word_1_114' title='bbox 474 1675 615 1762; x_wconf 87' lang='lat' dir='ltr'><strong>speciali.</strong></span> 
     </span>
     <span class='ocr_line' id='line_1_16' title="bbox 157 1758 1184 1847; baseline 0 -21"><span class='ocrx_word' id='word_1_115' title='bbox 157 1760 367 1847; x_wconf 86' lang='lat' dir='ltr'><strong>Archiepiseo</strong></span> <span class='ocrx_word' id='word_1_116' title='bbox 392 1784 430 1826; x_wconf 89' lang='lat' dir='ltr'><strong>us</strong></span> <span class='ocrx_word' id='word_1_117' title='bbox 458 1760 659 1827; x_wconf 84' lang='lat' dir='ltr'><strong>Coloniensis</strong></span> <span class='ocrx_word' id='word_1_118' title='bbox 691 1782 764 1824; x_wconf 91' lang='lat' dir='ltr'><strong>cum</strong></span> <span class='ocrx_word' id='word_1_119' title='bbox 793 1758 931 1846; x_wconf 89' lang='lat' dir='ltr'><strong>capitulo</strong></span> <span class='ocrx_word' id='word_1_120' title='bbox 961 1760 1070 1827; x_wconf 83' lang='lat' dir='ltr'><strong>Sancti</strong></span> <span class='ocrx_word' id='word_1_121' title='bbox 1097 1763 1184 1828; x_wconf 88' lang='lat' dir='ltr'><strong>Petri</strong></span> 
     </span>
     <span class='ocr_line' id='line_1_17' title="bbox 20 1784 1184 1930; baseline 0 -20"><span class='ocrx_word' id='word_1_122' title='bbox 20 1915 24 1922; x_wconf 66' lang='grc'><strong>,</strong></span> <span class='ocrx_word' id='word_1_123' title='bbox 63 1845 234 1930; x_wconf 83' lang='lat' dir='ltr'><strong>dissentit3</strong></span> <span class='ocrx_word' id='word_1_124' title='bbox 288 1869 327 1911; x_wconf 92' lang='lat' dir='ltr'><strong>ue</strong></span> <span class='ocrx_word' id='word_1_125' title='bbox 357 1784 511 1910; x_wconf 83' lang='lat' dir='ltr'><strong>dissensio</strong></span> <span class='ocrx_word' id='word_1_126' title='bbox 540 1844 711 1910; x_wconf 88' lang='lat' dir='ltr'><strong>multorum</strong></span> <span class='ocrx_word' id='word_1_127' title='bbox 740 1843 897 1909; x_wconf 88' lang='lat' dir='ltr'><strong>malorum</strong></span> <span class='ocrx_word' id='word_1_128' title='bbox 926 1845 1094 1910; x_wconf 90' lang='lat' dir='ltr'><strong>seminium</strong></span> <span class='ocrx_word' id='word_1_129' title='bbox 1114 1845 1184 1910; x_wconf 88' lang='lat' dir='ltr'><strong>fuit.</strong></span> 
     </span>
     <span class='ocr_line' id='line_1_18' title="bbox 157 1928 1184 2017; baseline 0 -23"><span class='ocrx_word' id='word_1_130' title='bbox 157 1929 283 2017; x_wconf 86' lang='lat' dir='ltr'><strong>Rudolp</strong></span> <span class='ocrx_word' id='word_1_131' title='bbox 306 1932 364 1995; x_wconf 73' lang='lat' dir='ltr'><strong>us(¹</strong></span> <span class='ocrx_word' id='word_1_132' title='bbox 386 1931 427 1995; x_wconf 89' lang='lat' dir='ltr'><strong>de</strong></span> <span class='ocrx_word' id='word_1_133' title='bbox 447 1930 604 1995; x_wconf 84' lang='lat' dir='ltr'><strong>Kuvorde</strong></span> <span class='ocrx_word' id='word_1_134' title='bbox 633 1939 665 1994; x_wconf 90' lang='lat' dir='ltr'><strong>et</strong></span> <span class='ocrx_word' id='word_1_135' title='bbox 693 1929 742 1994; x_wconf 89' lang='lat' dir='ltr'><strong>sui</strong></span> <span class='ocrx_word' id='word_1_136' title='bbox 764 1928 937 2015; x_wconf 88' lang='lat' dir='ltr'><strong>complices</strong></span> <span class='ocrx_word' id='word_1_137' title='bbox 960 1932 981 1992; x_wconf 76' lang='lat' dir='ltr'><strong>t</strong></span> <span class='ocrx_word' id='word_1_138' title='bbox 1002 1929 1184 1996; x_wconf 84' lang='lat' dir='ltr'><strong>Traiecten·</strong></span> 
     </span>
     <span class='ocr_line' id='line_1_19' title="bbox 64 2014 588 2101; baseline -0.002 -22"><span class='ocrx_word' id='word_1_139' title='bbox 64 2014 162 2080; x_wconf 85' lang='lat' dir='ltr'><strong>sibus</strong></span> <span class='ocrx_word' id='word_1_140' title='bbox 182 2015 216 2078; x_wconf 91' lang='lat' dir='ltr'><strong>in</strong></span> <span class='ocrx_word' id='word_1_141' title='bbox 236 2016 315 2080; x_wconf 88' lang='lat' dir='ltr'><strong>rotis</strong></span> <span class='ocrx_word' id='word_1_142' title='bbox 336 2015 588 2101; x_wconf 85' lang='lat' dir='ltr'><strong>confringuntur.</strong></span> 
     </span>
    </p>
   </div>
   <div class='ocr_carea' id='block_1_3' title="bbox 155 2115 1184 2349">
    <p class='ocr_par' dir='ltr' id='par_1_5' title="bbox 155 2115 1184 2349">
     <span class='ocr_line' id='line_1_20' title="bbox 441 2115 805 2180; baseline -0.008 0"><span class='ocrx_word' id='word_1_143' title='bbox 441 2117 535 2180; x_wconf 89' lang='lat' dir='ltr'><strong>Anno</strong></span> <span class='ocrx_word' id='word_1_144' title='bbox 557 2116 691 2180; x_wconf 91' lang='lat' dir='ltr'><strong>Domini</strong></span> <span class='ocrx_word' id='word_1_145' title='bbox 714 2115 805 2180; x_wconf 76' lang='lat'><strong>1232.</strong></span> 
     </span>
     <span class='ocr_line' id='line_1_21' title="bbox 155 2197 1184 2349; baseline 0.001 -84"><span class='ocrx_word' id='word_1_146' title='bbox 155 2202 205 2265; x_wconf 91' lang='lat' dir='ltr'><strong>Im</strong></span> <span class='ocrx_word' id='word_1_147' title='bbox 230 2210 334 2266; x_wconf 89' lang='lat' dir='ltr'><strong>erator</strong></span> <span class='ocrx_word' id='word_1_148' title='bbox 364 2200 492 2349; x_wconf 67' lang='lat' dir='ltr'><strong>[apud0]</strong></span> <span class='ocrx_word' id='word_1_149' title='bbox 520 2201 707 2264; x_wconf 87' lang='lat' dir='ltr'><strong>Ravennam</strong></span> <span class='ocrx_word' id='word_1_150' title='bbox 734 2221 876 2280; x_wconf 87' lang='lat' dir='ltr'><strong>manens,</strong></span> <span class='ocrx_word' id='word_1_151' title='bbox 906 2197 1025 2264; x_wconf 87' lang='lat' dir='ltr'><strong>bellurn</strong></span> <span class='ocrx_word' id='word_1_152' title='bbox 1054 2199 1184 2266; x_wconf 89' lang='lat' dir='ltr'><strong>molitur</strong></span> 
     </span>
    </p>
   </div>
   <div class='ocr_carea' id='block_1_4' title="bbox 64 2282 1261 2539">
    <p class='ocr_par' dir='ltr' id='par_1_6' title="bbox 64 2282 1261 2539">
     <span class='ocr_line' id='line_1_22' title="bbox 66 2282 1182 2370; baseline -0.001 -20"><span class='ocrx_word' id='word_1_153' title='bbox 66 2294 185 2350; x_wconf 85' lang='lat' dir='ltr'><strong>contra</strong></span> <span class='ocrx_word' id='word_1_154' title='bbox 240 2285 383 2370; x_wconf 88' lang='lat' dir='ltr'><strong>ongobar</strong></span> <span class='ocrx_word' id='word_1_155' title='bbox 408 2306 452 2366; x_wconf 87' lang='lat' dir='ltr'><strong>os,</strong></span> <span class='ocrx_word' id='word_1_156' title='bbox 486 2284 543 2350; x_wconf 90' lang='lat' dir='ltr'><strong>sed</strong></span> <span class='ocrx_word' id='word_1_157' title='bbox 574 2306 639 2348; x_wconf 90' lang='lat' dir='ltr'><strong>non</strong></span> <span class='ocrx_word' id='word_1_158' title='bbox 671 2283 810 2370; x_wconf 88' lang='lat' dir='ltr'><strong>proficit,</strong></span> <span class='ocrx_word' id='word_1_159' title='bbox 839 2282 1062 2369; x_wconf 79' lang='lat' dir='ltr'><strong>Longobardis</strong></span> <span class='ocrx_word' id='word_1_160' title='bbox 1095 2286 1182 2349; x_wconf 65' lang='lat' dir='ltr'><strong>dam</strong></span> 
     </span>
     <span class='ocr_line' id='line_1_23' title="bbox 64 2365 1183 2456; baseline 0.001 -24"><span class='ocrx_word' id='word_1_161' title='bbox 64 2368 333 2456; x_wconf 89' lang='lat' dir='ltr'><strong>precludentibus</strong></span> <span class='ocrx_word' id='word_1_162' title='bbox 354 2368 419 2434; x_wconf 91' lang='lat' dir='ltr'><strong>filio</strong></span> <span class='ocrx_word' id='word_1_163' title='bbox 443 2391 500 2433; x_wconf 92' lang='lat' dir='ltr'><strong>suo</strong></span> <span class='ocrx_word' id='word_1_164' title='bbox 522 2369 610 2453; x_wconf 70' lang='lat' dir='ltr'><strong>regir</strong></span> <span class='ocrx_word' id='word_1_165' title='bbox 632 2378 663 2434; x_wconf 90' lang='lat' dir='ltr'><strong>et</strong></span> <span class='ocrx_word' id='word_1_166' title='bbox 677 2367 795 2432; x_wconf 91' lang='lat' dir='ltr'><strong>milicie</strong></span> <span class='ocrx_word' id='word_1_167' title='bbox 811 2365 1054 2432; x_wconf 82' lang='lat' dir='ltr'><strong>Germanorum.</strong></span> <span class='ocrx_word' id='word_1_168' title='bbox 1088 2367 1183 2434; x_wconf 82' lang='lat' dir='ltr'><strong>Circa</strong></span> 
     </span>
     <span class='ocr_line' id='line_1_24' title="bbox 66 2451 1261 2539; baseline 0 -21"><span class='ocrx_word' id='word_1_169' title='bbox 66 2454 210 2518; x_wconf 87' lang='lat' dir='ltr'><strong>mediam</strong></span> <span class='ocrx_word' id='word_1_170' title='bbox 256 2454 512 2539; x_wconf 88' lang='lat' dir='ltr'><strong>uadragesimam</strong></span> <span class='ocrx_word' id='word_1_171' title='bbox 541 2454 726 2538; x_wconf 84' lang='lat' dir='ltr'><strong>imperator,</strong></span> <span class='ocrx_word' id='word_1_172' title='bbox 749 2452 903 2516; x_wconf 83' lang='lat' dir='ltr'><strong>Ravenna</strong></span> <span class='ocrx_word' id='word_1_173' title='bbox 928 2451 1047 2533; x_wconf 87' lang='lat' dir='ltr'><strong>relicta,</strong></span> <span class='ocrx_word' id='word_1_174' title='bbox 1076 2452 1261 2518; x_wconf 73' lang='lat' dir='ltr'><strong>navalium.</strong></span> 
     </span>
    </p>
   </div>
   <div class='ocr_carea' id='block_1_5' title="bbox 65 2477 1182 2686">
    <p class='ocr_par' dir='ltr' id='par_1_7' title="bbox 65 2477 1182 2686">
     <span class='ocr_line' id='line_1_25' title="bbox 65 2477 1182 2686; baseline -0.001 -84"><span class='ocrx_word' id='word_1_175' title='bbox 65 2560 168 2602; x_wconf 87' lang='lat' dir='ltr'><strong>cursu</strong></span> <span class='ocrx_word' id='word_1_176' title='bbox 181 2477 283 2603; x_wconf 73' lang='lat' dir='ltr'><strong>tendit</strong></span> <span class='ocrx_word' id='word_1_177' title='bbox 293 2537 507 2686; x_wconf 55' lang='lat' dir='ltr'><strong>Atpuilegiam.</strong></span> <span class='ocrx_word' id='word_1_178' title='bbox 530 2537 631 2602; x_wconf 90' lang='lat' dir='ltr'><strong>Inde¹</strong></span> <span class='ocrx_word' id='word_1_179' title='bbox 646 2538 760 2601; x_wconf 88' lang='lat' dir='ltr'><strong>itinere</strong></span> <span class='ocrx_word' id='word_1_180' title='bbox 775 2535 932 2600; x_wconf 86' lang='lat' dir='ltr'><strong>transiens</strong></span> <span class='ocrx_word' id='word_1_181' title='bbox 943 2538 1182 2684; x_wconf 81' lang='lat' dir='ltr'><strong>perVeneoias,</strong></span> 
     </span>
    </p>
   </div>
   <div class='ocr_carea' id='block_1_6' title="bbox 63 2621 1294 3886">
    <p class='ocr_par' dir='ltr' id='par_1_8' title="bbox 63 2621 1294 3886">
     <span class='ocr_line' id='line_1_26' title="bbox 65 2621 1182 2707; baseline 0 -22"><span class='ocrx_word' id='word_1_182' title='bbox 65 2622 191 2688; x_wconf 91' lang='lat' dir='ltr'><strong>ibidem</strong></span> <span class='ocrx_word' id='word_1_183' title='bbox 216 2623 330 2687; x_wconf 91' lang='lat' dir='ltr'><strong>honori</strong></span> <span class='ocrx_word' id='word_1_184' title='bbox 354 2645 391 2687; x_wconf 89' lang='lat' dir='ltr'><strong>oe</strong></span> <span class='ocrx_word' id='word_1_185' title='bbox 420 2622 599 2707; x_wconf 87' lang='lat' dir='ltr'><strong>suscipitur,</strong></span> <span class='ocrx_word' id='word_1_186' title='bbox 633 2630 664 2686; x_wconf 89' lang='lat' dir='ltr'><strong>et</strong></span> <span class='ocrx_word' id='word_1_187' title='bbox 696 2622 858 2707; x_wconf 80' lang='lat' dir='ltr'><strong>ingressus</strong></span> <span class='ocrx_word' id='word_1_188' title='bbox 886 2641 942 2684; x_wconf 89' lang='lat' dir='ltr'><strong>ecc</strong></span> <span class='ocrx_word' id='word_1_189' title='bbox 956 2623 1075 2687; x_wconf 60' lang='lat' dir='ltr'><strong>esiam&amp;</strong></span> <span class='ocrx_word' id='word_1_190' title='bbox 1097 2621 1182 2687; x_wconf 85' lang='lat' dir='ltr'><strong>beati</strong></span> 
     </span>
     <span class='ocr_line' id='line_1_27' title="bbox 66 2704 1182 2793; baseline 0.002 -24"><span class='ocrx_word' id='word_1_191' title='bbox 66 2706 183 2788; x_wconf 86' lang='lat' dir='ltr'><strong>Marci,</strong></span> <span class='ocrx_word' id='word_1_192' title='bbox 215 2729 311 2793; x_wconf 87' lang='lat' dir='ltr'><strong>super</strong></span> <span class='ocrx_word' id='word_1_193' title='bbox 341 2705 439 2772; x_wconf 88' lang='lat' dir='ltr'><strong>altare</strong></span> <span class='ocrx_word' id='word_1_194' title='bbox 469 2706 611 2771; x_wconf 90' lang='lat' dir='ltr'><strong>eiusdem</strong></span> <span class='ocrx_word' id='word_1_195' title='bbox 639 2705 724 2770; x_wconf 86' lang='lat' dir='ltr'><strong>dona</strong></span> <span class='ocrx_word' id='word_1_196' title='bbox 751 2705 843 2769; x_wconf 84' lang='lat' dir='ltr'><strong>offert</strong></span> <span class='ocrx_word' id='word_1_197' title='bbox 873 2704 1004 2790; x_wconf 85' lang='lat' dir='ltr'><strong>regalia,</strong></span> <span class='ocrx_word' id='word_1_198' title='bbox 1040 2729 1117 2771; x_wconf 84' lang='lat' dir='ltr'><strong>auro</strong></span> <span class='ocrx_word' id='word_1_199' title='bbox 1151 2716 1182 2772; x_wconf 88' lang='lat' dir='ltr'><strong>et</strong></span> 
     </span>
     <span class='ocr_line' id='line_1_28' title="bbox 65 2789 1294 2877; baseline -0.007 -21"><span class='ocrx_word' id='word_1_200' title='bbox 65 2791 205 2877; x_wconf 88' lang='lat' dir='ltr'><strong>gemmis</strong></span> <span class='ocrx_word' id='word_1_201' title='bbox 233 2791 391 2856; x_wconf 88' lang='lat' dir='ltr'><strong>decorata.</strong></span> <span class='ocrx_word' id='word_1_202' title='bbox 434 2790 532 2876; x_wconf 88' lang='lat' dir='ltr'><strong>Apud</strong></span> <span class='ocrx_word' id='word_1_203' title='bbox 559 2790 764 2876; x_wconf 86' lang='lat' dir='ltr'><strong>Aquilegiam</strong></span> <span class='ocrx_word' id='word_1_204' title='bbox 813 2789 909 2853; x_wconf 86' lang='lat' dir='ltr'><strong>ascha</strong></span> <span class='ocrx_word' id='word_1_205' title='bbox 936 2789 1085 2872; x_wconf 89' lang='lat' dir='ltr'><strong>celebrat,</strong></span> <span class='ocrx_word' id='word_1_206' title='bbox 1116 2789 1181 2854; x_wconf 89' lang='lat' dir='ltr'><strong>filio</strong></span> <span class='ocrx_word' id='word_1_207' title='bbox 1192 2807 1247 2860; x_wconf 68' lang='lat' dir='ltr'><strong>spr.</strong></span> <span class='ocrx_word' id='word_1_208' title='bbox 1258 2810 1294 2849; x_wconf 93' lang='lat'><strong>11.</strong></span> 
     </span>
     <span class='ocr_line' id='line_1_29' title="bbox 67 2813 1181 2961; baseline 0 -21"><span class='ocrx_word' id='word_1_209' title='bbox 67 2897 127 2940; x_wconf 85' lang='lat' dir='ltr'><strong>suo</strong></span> <span class='ocrx_word' id='word_1_210' title='bbox 149 2897 226 2960; x_wconf 87' lang='lat' dir='ltr'><strong>rege</strong></span> <span class='ocrx_word' id='word_1_211' title='bbox 247 2876 290 2939; x_wconf 88' lang='lat' dir='ltr'><strong>ad</strong></span> <span class='ocrx_word' id='word_1_212' title='bbox 310 2876 417 2961; x_wconf 87' lang='lat' dir='ltr'><strong>ipsum</strong></span> <span class='ocrx_word' id='word_1_213' title='bbox 439 2876 587 2940; x_wconf 87' lang='lat' dir='ltr'><strong>veniente</strong></span> <span class='ocrx_word' id='word_1_214' title='bbox 614 2884 646 2940; x_wconf 88' lang='lat' dir='ltr'><strong>et</strong></span> <span class='ocrx_word' id='word_1_215' title='bbox 674 2813 866 2960; x_wconf 69' lang='lat' dir='ltr'><strong>quibusdam</strong></span> <span class='ocrx_word' id='word_1_216' title='bbox 887 2873 1087 2960; x_wconf 87' lang='lat' dir='ltr'><strong>principibus</strong></span> <span class='ocrx_word' id='word_1_217' title='bbox 1109 2873 1181 2940; x_wconf 88' lang='lat' dir='ltr'><strong>Ale-</strong></span> 
     </span>
     <span class='ocr_line' id='line_1_30' title="bbox 64 2955 1292 3055; baseline 0 -33"><span class='ocrx_word' id='word_1_218' title='bbox 64 2960 207 3024; x_wconf 87' lang='lat' dir='ltr'><strong>mannie.</strong></span> <span class='ocrx_word' id='word_1_219' title='bbox 242 2958 338 3023; x_wconf 86' lang='lat' dir='ltr'><strong>Circa</strong></span> <span class='ocrx_word' id='word_1_220' title='bbox 356 2960 575 3024; x_wconf 88' lang='lat' dir='ltr'><strong>ascensionem</strong></span> <span class='ocrx_word' id='word_1_221' title='bbox 593 2957 818 3044; x_wconf 87' lang='lat' dir='ltr'><strong>imperatorin</strong></span> <span class='ocrx_word' id='word_1_222' title='bbox 833 2955 986 3055; x_wconf 83' lang='lat' dir='ltr'><strong>Apuliam</strong></span> <span class='ocrx_word' id='word_1_223' title='bbox 1003 2956 1182 3042; x_wconf 84' lang='lat' dir='ltr'><strong>regreditur</strong></span> <span class='ocrx_word' id='word_1_224' title='bbox 1191 2976 1244 3019; x_wconf 73' lang='lat' dir='ltr'><strong>nar.</strong></span> <span class='ocrx_word' id='word_1_225' title='bbox 1253 2979 1292 3022; x_wconf 79' lang='lat' dir='ltr'><strong>ao.</strong></span> 
     </span>
     <span class='ocr_line' id='line_1_31' title="bbox 65 3041 1179 3130; baseline -0.002 -22"><span class='ocrx_word' id='word_1_226' title='bbox 65 3043 177 3110; x_wconf 87' lang='lat' dir='ltr'><strong>navali</strong></span> <span class='ocrx_word' id='word_1_227' title='bbox 198 3044 319 3127; x_wconf 90' lang='lat' dir='ltr'><strong>itinere,</strong></span> <span class='ocrx_word' id='word_1_228' title='bbox 347 3044 380 3107; x_wconf 93' lang='lat' dir='ltr'><strong>in</strong></span> <span class='ocrx_word' id='word_1_229' title='bbox 400 3045 454 3108; x_wconf 91' lang='lat' dir='ltr'><strong>via</strong></span> <span class='ocrx_word' id='word_1_230' title='bbox 480 3044 635 3130; x_wconf 89' lang='lat' dir='ltr'><strong>plurimos</strong></span> <span class='ocrx_word' id='word_1_231' title='bbox 657 3044 777 3129; x_wconf 85' lang='lat' dir='ltr'><strong>piratas</strong></span> <span class='ocrx_word' id='word_1_232' title='bbox 807 3050 902 3126; x_wconf 88' lang='lat' dir='ltr'><strong>cap1t,</strong></span> <span class='ocrx_word' id='word_1_233' title='bbox 933 3062 1014 3127; x_wconf 86' lang='lat' dir='ltr'><strong>quos</strong></span> <span class='ocrx_word' id='word_1_234' title='bbox 1042 3041 1179 3106; x_wconf 84' lang='lat' dir='ltr'><strong>vinculis</strong></span> 
     </span>
     <span class='ocr_line' id='line_1_32' title="bbox 63 3125 1181 3212; baseline -0.001 -20"><span class='ocrx_word' id='word_1_235' title='bbox 63 3128 242 3212; x_wconf 85' lang='lat' dir='ltr'><strong>mancipat.</strong></span> <span class='ocrx_word' id='word_1_236' title='bbox 327 3127 485 3193; x_wconf 87' lang='lat' dir='ltr'><strong>Soldanus</strong></span> <span class='ocrx_word' id='word_1_237' title='bbox 501 3126 667 3192; x_wconf 90' lang='lat' dir='ltr'><strong>Babilonie</strong></span> <span class='ocrx_word' id='word_1_238' title='bbox 689 3125 874 3212; x_wconf 88' lang='lat' dir='ltr'><strong>imperatori</strong></span> <span class='ocrx_word' id='word_1_239' title='bbox 892 3125 988 3189; x_wconf 85' lang='lat' dir='ltr'><strong>mittit</strong></span> <span class='ocrx_word' id='word_1_240' title='bbox 1008 3125 1181 3191; x_wconf 89' lang='lat' dir='ltr'><strong>tentorium</strong></span> 
     </span>
     <span class='ocr_line' id='line_1_33' title="bbox 65 3206 1180 3297; baseline -0.001 -21"><span class='ocrx_word' id='word_1_241' title='bbox 65 3210 206 3276; x_wconf 85' lang='lat' dir='ltr'><strong>mirifica</strong></span> <span class='ocrx_word' id='word_1_242' title='bbox 234 3222 301 3277; x_wconf 87' lang='lat' dir='ltr'><strong>arte</strong></span> <span class='ocrx_word' id='word_1_243' title='bbox 330 3222 557 3295; x_wconf 84' lang='lat' dir='ltr'><strong>constructum,</strong></span> <span class='ocrx_word' id='word_1_244' title='bbox 590 3212 624 3274; x_wconf 92' lang='lat' dir='ltr'><strong>in</strong></span> <span class='ocrx_word' id='word_1_245' title='bbox 652 3231 715 3297; x_wconf 92' lang='lat' dir='ltr'><strong>quo</strong></span> <span class='ocrx_word' id='word_1_246' title='bbox 742 3209 909 3294; x_wconf 87' lang='lat' dir='ltr'><strong>ymagines</strong></span> <span class='ocrx_word' id='word_1_247' title='bbox 942 3206 1017 3272; x_wconf 89' lang='lat' dir='ltr'><strong>solis</strong></span> <span class='ocrx_word' id='word_1_248' title='bbox 1050 3218 1081 3273; x_wconf 91' lang='lat' dir='ltr'><strong>et</strong></span> <span class='ocrx_word' id='word_1_249' title='bbox 1105 3207 1180 3275; x_wconf 91' lang='lat' dir='ltr'><strong>lune</strong></span> 
     </span>
     <span class='ocr_line' id='line_1_34' title="bbox 66 3290 1180 3362; baseline -0.004 -1"><span class='ocrx_word' id='word_1_250' title='bbox 66 3294 277 3361; x_wconf 80' lang='lat' dir='ltr'><strong>artificialiter</strong></span> <span class='ocrx_word' id='word_1_251' title='bbox 308 3306 394 3362; x_wconf 84' lang='lat' dir='ltr'><strong>moto</strong></span> <span class='ocrx_word' id='word_1_252' title='bbox 427 3317 555 3360; x_wconf 88' lang='lat' dir='ltr'><strong>cursum</strong></span> <span class='ocrx_word' id='word_1_253' title='bbox 587 3317 680 3360; x_wconf 88' lang='lat' dir='ltr'><strong>suum</strong></span> <span class='ocrx_word' id='word_1_254' title='bbox 720 3293 816 3358; x_wconf 85' lang='lat' dir='ltr'><strong>certis</strong></span> <span class='ocrx_word' id='word_1_255' title='bbox 849 3301 881 3358; x_wconf 90' lang='lat' dir='ltr'><strong>et</strong></span> <span class='ocrx_word' id='word_1_256' title='bbox 914 3290 1030 3358; x_wconf 90' lang='lat' dir='ltr'><strong>debitis</strong></span> <span class='ocrx_word' id='word_1_257' title='bbox 1064 3295 1180 3357; x_wconf 88' lang='lat' dir='ltr'><strong>saciis</strong></span> 
     </span>
     <span class='ocr_line' id='line_1_35' title="bbox 66 3315 1180 3468; baseline -0.005 -22"><span class='ocrx_word' id='word_1_258' title='bbox 66 3388 240 3468; x_wconf 88' lang='lat' dir='ltr'><strong>peragrant</strong></span> <span class='ocrx_word' id='word_1_259' title='bbox 262 3390 294 3445; x_wconf 92' lang='lat' dir='ltr'><strong>et</strong></span> <span class='ocrx_word' id='word_1_260' title='bbox 307 3380 400 3446; x_wconf 88' lang='lat' dir='ltr'><strong>horas</strong></span> <span class='ocrx_word' id='word_1_261' title='bbox 416 3379 481 3445; x_wconf 92' lang='lat' dir='ltr'><strong>diei</strong></span> <span class='ocrx_word' id='word_1_262' title='bbox 500 3390 532 3445; x_wconf 94' lang='lat' dir='ltr'><strong>et</strong></span> <span class='ocrx_word' id='word_1_263' title='bbox 551 3380 654 3444; x_wconf 87' lang='lat' dir='ltr'><strong>noctis</strong></span> <span class='ocrx_word' id='word_1_264' title='bbox 676 3374 883 3442; x_wconf 85' lang='lat' dir='ltr'><strong>infallibiliter</strong></span> <span class='ocrx_word' id='word_1_265' title='bbox 896 3376 1049 3441; x_wconf 90' lang='lat' dir='ltr'><strong>indicant.</strong></span> <span class='ocrx_word' id='word_1_266' title='bbox 1079 3315 1180 3442; x_wconf 67' lang='lat' dir='ltr'><strong>liuius</strong></span> 
     </span>
     <span class='ocr_line' id='line_1_36' title="bbox 66 3459 1182 3550; baseline -0.005 -20"><span class='ocrx_word' id='word_1_267' title='bbox 66 3465 197 3532; x_wconf 88' lang='lat' dir='ltr'><strong>tentorii</strong></span> <span class='ocrx_word' id='word_1_268' title='bbox 228 3463 320 3534; x_wconf 73' lang='lat' dir='ltr'><strong>sator</strong></span> <span class='ocrx_word' id='word_1_269' title='bbox 350 3465 465 3550; x_wconf 86' lang='lat' dir='ltr'><strong>viginti</strong></span> <span class='ocrx_word' id='word_1_270' title='bbox 495 3462 638 3528; x_wconf 84' lang='lat' dir='ltr'><strong>miliumh</strong></span> <span class='ocrx_word' id='word_1_271' title='bbox 674 3482 854 3527; x_wconf 88' lang='lat' dir='ltr'><strong>marcarum</strong></span> <span class='ocrx_word' id='word_1_272' title='bbox 885 3460 1029 3545; x_wconf 88' lang='lat' dir='ltr'><strong>precium</strong></span> <span class='ocrx_word' id='word_1_273' title='bbox 1063 3459 1182 3525; x_wconf 89' lang='lat' dir='ltr'><strong>dieitur</strong></span> 
     </span>
     <span class='ocr_line' id='line_1_37' title="bbox 64 3542 1181 3630; baseline -0.005 -16"><span class='ocrx_word' id='word_1_274' title='bbox 64 3547 310 3615; x_wconf 85' lang='lat' dir='ltr'><strong>transcendisse.</strong></span> <span class='ocrx_word' id='word_1_275' title='bbox 353 3549 426 3614; x_wconf 87' lang='lat' dir='ltr'><strong>Hoc</strong></span> <span class='ocrx_word' id='word_1_276' title='bbox 447 3549 530 3613; x_wconf 90' lang='lat' dir='ltr'><strong>inter</strong></span> <span class='ocrx_word' id='word_1_277' title='bbox 556 3548 721 3613; x_wconf 88' lang='lat' dir='ltr'><strong>thesauros</strong></span> <span class='ocrx_word' id='word_1_278' title='bbox 743 3543 865 3630; x_wconf 85' lang='lat' dir='ltr'><strong>regiosi</strong></span> <span class='ocrx_word' id='word_1_279' title='bbox 893 3542 981 3630; x_wconf 88' lang='lat' dir='ltr'><strong>apud</strong></span> <span class='ocrx_word' id='word_1_280' title='bbox 1002 3544 1181 3608; x_wconf 90' lang='lat' dir='ltr'><strong>Venusium</strong></span> 
     </span>
     <span class='ocr_line' id='line_1_38' title="bbox 68 3628 1179 3731; baseline -0.004 -33"><span class='ocrx_word' id='word_1_281' title='bbox 68 3645 117 3700; x_wconf 91' lang='lat' dir='ltr'><strong>est</strong></span> <span class='ocrx_word' id='word_1_282' title='bbox 137 3634 324 3720; x_wconf 88' lang='lat' dir='ltr'><strong>repositum.</strong></span> <span class='ocrx_word' id='word_1_283' title='bbox 366 3633 548 3698; x_wconf 89' lang='lat' dir='ltr'><strong>Accedente</strong></span> <span class='ocrx_word' id='word_1_284' title='bbox 562 3630 684 3731; x_wconf 86' lang='lat' dir='ltr'><strong>paseha</strong></span> <span class='ocrx_word' id='word_1_285' title='bbox 700 3631 948 3696; x_wconf 85' lang='lat' dir='ltr'><strong>Sarracenorum</strong></span> <span class='ocrx_word' id='word_1_286' title='bbox 963 3628 997 3692; x_wconf 92' lang='lat' dir='ltr'><strong>in</strong></span> <span class='ocrx_word' id='word_1_287' title='bbox 1011 3629 1064 3694; x_wconf 90' lang='lat' dir='ltr'><strong>die</strong></span> <span class='ocrx_word' id='word_1_288' title='bbox 1077 3628 1179 3694; x_wconf 84' lang='lat' dir='ltr'><strong>Maris</strong></span> 
     </span>
     <span class='ocr_line' id='line_1_39' title="bbox 67 3711 1280 3804; baseline -0.004 -21"><span class='ocrx_word' id='word_1_289' title='bbox 67 3717 259 3804; x_wconf 86' lang='lat' dir='ltr'><strong>Magdalene</strong></span> <span class='ocrx_word' id='word_1_290' title='bbox 280 3717 453 3802; x_wconf 88' lang='lat' dir='ltr'><strong>imperator</strong></span> <span class='ocrx_word' id='word_1_291' title='bbox 473 3717 631 3781; x_wconf 73' lang='lat' dir='ltr'><strong>nunciosk</strong></span> <span class='ocrx_word' id='word_1_292' title='bbox 653 3714 776 3779; x_wconf 86' lang='lat' dir='ltr'><strong>soldani</strong></span> <span class='ocrx_word' id='word_1_293' title='bbox 793 3723 826 3778; x_wconf 91' lang='lat' dir='ltr'><strong>et</strong></span> <span class='ocrx_word' id='word_1_294' title='bbox 839 3711 947 3777; x_wconf 91' lang='lat' dir='ltr'><strong>Vetuli</strong></span> <span class='ocrx_word' id='word_1_295' title='bbox 963 3712 1003 3777; x_wconf 90' lang='lat' dir='ltr'><strong>de</strong></span> <span class='ocrx_word' id='word_1_296' title='bbox 1017 3712 1178 3778; x_wconf 88' lang='lat' dir='ltr'><strong>Montanis</strong></span> <span class='ocrx_word' id='word_1_297' title='bbox 1189 3735 1232 3779; x_wconf 81' lang='lat' dir='ltr'><strong>nr.</strong></span> <span class='ocrx_word' id='word_1_298' title='bbox 1242 3737 1280 3784; x_wconf 75' lang='lat' dir='ltr'><strong>rr.</strong></span> 
     </span>
     <span class='ocr_line' id='line_1_40' title="bbox 66 3796 1181 3886; baseline -0.005 -18"><span class='ocrx_word' id='word_1_299' title='bbox 66 3801 110 3868; x_wconf 91' lang='lat' dir='ltr'><strong>ad</strong></span> <span class='ocrx_word' id='word_1_300' title='bbox 131 3802 314 3868; x_wconf 88' lang='lat' dir='ltr'><strong>convivium</strong></span> <span class='ocrx_word' id='word_1_301' title='bbox 328 3811 432 3883; x_wconf 86' lang='lat' dir='ltr'><strong>vocat,</strong></span> <span class='ocrx_word' id='word_1_302' title='bbox 455 3811 486 3868; x_wconf 90' lang='lat' dir='ltr'><strong>et</strong></span> <span class='ocrx_word' id='word_1_303' title='bbox 508 3802 577 3885; x_wconf 80' lang='lat' dir='ltr'><strong>eisl,</strong></span> <span class='ocrx_word' id='word_1_304' title='bbox 607 3798 713 3866; x_wconf 90' lang='lat' dir='ltr'><strong>multis</strong></span> <span class='ocrx_word' id='word_1_305' title='bbox 735 3797 893 3886; x_wconf 87' lang='lat' dir='ltr'><strong>episcopis</strong></span> <span class='ocrx_word' id='word_1_306' title='bbox 915 3796 1126 3863; x_wconf 86' lang='lat' dir='ltr'><strong>assidentibus</strong></span> <span class='ocrx_word' id='word_1_307' title='bbox 1149 3806 1181 3862; x_wconf 91' lang='lat' dir='ltr'><strong>et</strong></span> 
     </span>
    </p>
   </div>
   <div class='ocr_carea' id='block_1_7' title="bbox 66 4012 1180 4252">
    <p class='ocr_par' dir='ltr' id='par_1_9' title="bbox 66 4012 1180 4252">
     <span class='ocr_line' id='line_1_41' title="bbox 68 4012 1179 4074; baseline -0.006 -12"><span class='ocrx_word' id='word_1_308' title='bbox 68 4020 93 4074; x_wconf 74' lang='lat' dir='ltr'><strong>a)</strong></span> <span class='ocrx_word' id='word_1_309' title='bbox 115 4023 221 4062; x_wconf 71' lang='lat' dir='ltr'><strong>interialt</strong></span> <span class='ocrx_word' id='word_1_310' title='bbox 237 4022 317 4063; x_wconf 69' lang='lat' dir='ltr'><strong>Bm.</strong></span> <span class='ocrx_word' id='word_1_311' title='bbox 332 4021 374 4070; x_wconf 83' lang='lat'><strong>01,</strong></span> <span class='ocrx_word' id='word_1_312' title='bbox 390 4031 446 4062; x_wconf 83' lang='lat' dir='ltr'><strong>corr.</strong></span> <span class='ocrx_word' id='word_1_313' title='bbox 463 4020 518 4071; x_wconf 77' lang='lat' dir='ltr'><strong>imp.</strong></span> <span class='ocrx_word' id='word_1_314' title='bbox 536 4020 577 4061; x_wconf 78' lang='lat'><strong>02.</strong></span> <span class='ocrx_word' id='word_1_315' title='bbox 637 4017 813 4071; x_wconf 63' lang='lat' dir='ltr'><strong>onomaton·</strong></span> <span class='ocrx_word' id='word_1_316' title='bbox 830 4016 905 4059; x_wconf 69' lang='grc'><strong>(71.9.</strong></span> <span class='ocrx_word' id='word_1_317' title='bbox 965 4012 1118 4065; x_wconf 69' lang='lat' dir='ltr'><strong>namma</strong></span> <span class='ocrx_word' id='word_1_318' title='bbox 1135 4016 1179 4056; x_wconf 79' lang='lat' dir='ltr'><strong>Ol.</strong></span> 
     </span>
     <span class='ocr_line' id='line_1_42' title="bbox 66 4071 1179 4132; baseline -0.006 -10"><span class='ocrx_word' id='word_1_319' title='bbox 66 4071 161 4132; x_wconf 75' lang='lat' dir='ltr'><strong>nato.</strong></span> <span class='ocrx_word' id='word_1_320' title='bbox 178 4081 224 4123; x_wconf 85' lang='lat' dir='ltr'><strong>or.</strong></span> <span class='ocrx_word' id='word_1_321' title='bbox 289 4079 311 4132; x_wconf 65' lang='grc' dir='ltr'><strong>ο)</strong></span> <span class='ocrx_word' id='word_1_322' title='bbox 327 4081 382 4120; x_wconf 72' lang='lat' dir='ltr'><strong>aar</strong></span> <span class='ocrx_word' id='word_1_323' title='bbox 397 4078 500 4129; x_wconf 61' lang='lat' dir='ltr'><strong>anon</strong></span> <span class='ocrx_word' id='word_1_324' title='bbox 521 4091 547 4119; x_wconf 76' lang='lat' dir='ltr'><strong>m.</strong></span> <span class='ocrx_word' id='word_1_325' title='bbox 563 4091 581 4120; x_wconf 71' lang='lat' dir='ltr'><strong>e.</strong></span> <span class='ocrx_word' id='word_1_326' title='bbox 597 4078 647 4119; x_wconf 74' lang='lat' dir='ltr'><strong>nr.</strong></span> <span class='ocrx_word' id='word_1_327' title='bbox 662 4079 759 4119; x_wconf 69' lang='lat' dir='ltr'><strong>aueum</strong></span> <span class='ocrx_word' id='word_1_328' title='bbox 774 4078 817 4118; x_wconf 83' lang='lat' dir='ltr'><strong>or.</strong></span> <span class='ocrx_word' id='word_1_329' title='bbox 889 4073 908 4126; x_wconf 82' lang='lat' dir='ltr'><strong>r)</strong></span> <span class='ocrx_word' id='word_1_330' title='bbox 924 4083 977 4121; x_wconf 66' lang='lat' dir='ltr'><strong>rege</strong></span> <span class='ocrx_word' id='word_1_331' title='bbox 993 4084 1049 4116; x_wconf 72' lang='lat' dir='ltr'><strong>arr.</strong></span> <span class='ocrx_word' id='word_1_332' title='bbox 1067 4075 1116 4123; x_wconf 68' lang='lat' dir='ltr'><strong>regi</strong></span> <span class='ocrx_word' id='word_1_333' title='bbox 1132 4074 1179 4116; x_wconf 82' lang='lat' dir='ltr'><strong>or.</strong></span> 
     </span>
     <span class='ocr_line' id='line_1_43' title="bbox 67 4132 1180 4193; baseline -0.006 -12"><span class='ocrx_word' id='word_1_334' title='bbox 67 4139 92 4193; x_wconf 66' lang='grc' dir='ltr'><strong>ς)</strong></span> <span class='ocrx_word' id='word_1_335' title='bbox 108 4141 134 4180; x_wconf 86' lang='lat' dir='ltr'><strong>in</strong></span> <span class='ocrx_word' id='word_1_336' title='bbox 150 4151 171 4181; x_wconf 85' lang='lat' dir='ltr'><strong>e.</strong></span> <span class='ocrx_word' id='word_1_337' title='bbox 188 4141 230 4181; x_wconf 74' lang='lat'><strong>02.</strong></span> <span class='ocrx_word' id='word_1_338' title='bbox 290 4139 314 4191; x_wconf 88' lang='lat' dir='ltr'><strong>h)</strong></span> <span class='ocrx_word' id='word_1_339' title='bbox 331 4140 398 4180; x_wconf 74' lang='lat' dir='ltr'><strong>millo</strong></span> <span class='ocrx_word' id='word_1_340' title='bbox 413 4139 455 4181; x_wconf 75' lang='lat'><strong>02.</strong></span> <span class='ocrx_word' id='word_1_341' title='bbox 516 4137 534 4190; x_wconf 87' lang='grc' dir='ltr'><strong>ί)</strong></span> <span class='ocrx_word' id='word_1_342' title='bbox 549 4139 604 4179; x_wconf 75' lang='lat' dir='ltr'><strong>decet</strong></span> <span class='ocrx_word' id='word_1_343' title='bbox 620 4138 662 4180; x_wconf 80' lang='lat'><strong>01.</strong></span> <span class='ocrx_word' id='word_1_344' title='bbox 723 4134 748 4188; x_wconf 79' lang='lat' dir='ltr'><strong>k)</strong></span> <span class='ocrx_word' id='word_1_345' title='bbox 764 4135 897 4186; x_wconf 75' lang='lat' dir='ltr'><strong>poeemppl.</strong></span> <span class='ocrx_word' id='word_1_346' title='bbox 912 4132 958 4183; x_wconf 75' lang='lat'><strong>131,</strong></span> <span class='ocrx_word' id='word_1_347' title='bbox 973 4132 1011 4172; x_wconf 78' lang='lat' dir='ltr'><strong>uti</strong></span> <span class='ocrx_word' id='word_1_348' title='bbox 1026 4133 1180 4176; x_wconf 70' lang='lat' dir='ltr'><strong>danicam.</strong></span> 
     </span>
     <span class='ocr_line' id='line_1_44' title="bbox 68 4199 331 4252; baseline -0.008 -12"><span class='ocrx_word' id='word_1_349' title='bbox 68 4201 86 4252; x_wconf 86' lang='lat' dir='ltr'><strong>l)</strong></span> <span class='ocrx_word' id='word_1_350' title='bbox 102 4211 143 4241; x_wconf 79' lang='lat' dir='ltr'><strong>eoo</strong></span> <span class='ocrx_word' id='word_1_351' title='bbox 159 4211 217 4241; x_wconf 74' lang='lat' dir='ltr'><strong>corr.</strong></span> <span class='ocrx_word' id='word_1_352' title='bbox 234 4201 267 4240; x_wconf 78' lang='lat' dir='ltr'><strong>clo</strong></span> <span class='ocrx_word' id='word_1_353' title='bbox 283 4199 331 4239; x_wconf 89' lang='lat' dir='ltr'><strong>Bl.</strong></span> 
     </span>
    </p>
   </div>
   <div class='ocr_carea' id='block_1_8' title="bbox 68 4341 1181 4492">
    <p class='ocr_par' dir='ltr' id='par_1_10' title="bbox 68 4341 1181 4492">
     <span class='ocr_line' id='line_1_45' title="bbox 71 4341 1181 4417; baseline -0.005 -17"><span class='ocrx_word' id='word_1_354' title='bbox 71 4348 99 4417; x_wconf 78' lang='lat'><strong>1)</strong></span> <span class='ocrx_word' id='word_1_355' title='bbox 117 4349 196 4402; x_wconf 84' lang='lat' dir='ltr'><strong>Haec</strong></span> <span class='ocrx_word' id='word_1_356' title='bbox 215 4349 252 4401; x_wconf 80' lang='lat' dir='ltr'><strong>ad</strong></span> <span class='ocrx_word' id='word_1_357' title='bbox 271 4347 556 4415; x_wconf 76' lang='lat' dir='ltr'><strong>o.1280.pcrtincnt.</strong></span> <span class='ocrx_word' id='word_1_358' title='bbox 632 4345 661 4412; x_wconf 80' lang='lat'><strong>2)</strong></span> <span class='ocrx_word' id='word_1_359' title='bbox 680 4345 813 4398; x_wconf 80' lang='lat' dir='ltr'><strong>Ravenna</strong></span> <span class='ocrx_word' id='word_1_360' title='bbox 836 4343 972 4410; x_wconf 78' lang='lat' dir='ltr'><strong>profectas</strong></span> <span class='ocrx_word' id='word_1_361' title='bbox 997 4349 1035 4396; x_wconf 74' lang='lat' dir='ltr'><strong>eet</strong></span> <span class='ocrx_word' id='word_1_362' title='bbox 1060 4341 1181 4395; x_wconf 74' lang='lat' dir='ltr'><strong>Venetiae</strong></span> 
     </span>
     <span class='ocr_line' id='line_1_46' title="bbox 68 4421 373 4492; baseline 0 -16"><span class='ocrx_word' id='word_1_363' title='bbox 68 4423 176 4477; x_wconf 73' lang='lat' dir='ltr'><strong>atinde</strong></span> <span class='ocrx_word' id='word_1_364' title='bbox 195 4421 373 4492; x_wconf 78' lang='lat' dir='ltr'><strong>Aquilepiom.</strong></span> 
     </span>
    </p>
   </div>
   <div class='ocr_carea' id='block_1_9' title="bbox 0 0 1480 4998">
    <p class='ocr_par' dir='ltr' id='par_1_11' title="bbox 0 0 1480 4998">
     <span class='ocr_line' id='line_1_47' title="bbox 0 0 1480 4998; baseline 0 0"><span class='ocrx_word' id='word_1_365' title='bbox 0 0 1480 4998; x_wconf 95' lang='lat' dir='ltr'><strong> </strong></span> 
     </span>
    </p>
   </div>
  </div>
 </body>
</html>
