2934 4998
342 407 527 460 unrocus
549 407 698 458 caurum
717 408 764 459 ar
781 407 892 461 umor.
1117 377 1171 461 aar

139 575 268 643 Laicus.
311 574 385 639 Hoc
407 596 476 639 esse
497 584 615 660 posset,
637 568 814 639 si'noster·
835 577 1091 663 archiepiscopus
1113 601 1171 643 nos

46 659 198 742 citasset3
221 658 276 722 sed
300 658 378 745 quid
398 658 441 722 ad
462 680 520 723 nos
543 659 583 723 de
606 657 772 724 scolastico
789 661 899 726 Sancti
914 661 1070 728 Gereonis
1085 673 1117 728 et
1131 664 1172 728 de

46 741 203 830 plebanis
225 743 336 809 Sancti
357 741 523 808 Laurentii
544 753 576 808 et
598 742 715 808 Sancte
736 744 912 830 Brigide1?

139 827 294 894 Clericus.
351 826 437 907 Quia
462 829 525 916 ipsi
552 827 675 892 iudices
702 838 776 893 sunt
804 829 925 892 domini
950 852 1051 917 pape;
1108 851 1172 917 apa

45 912 140 976 enim
161 911 213 977 vel
234 934 293 997 per
314 934 348 976 se
369 909 422 976 vel
442 934 501 1010 per
515 912 637 976 iudices
652 933 731 998 quos
747 910 873 996 delegat
886 914 918 976 in
934 916 1020 980 omni
1038 853 1173 981 ecclesia

45 1017 110 1060 sua
121 1004 229 1082 potest
240 997 374 1083 exsequi
384 996 555 1061 iusticiam.
569 996 661 1060 Licet
671 996 756 1060 enim
765 997 1008 1085 archiepiscopi,
1017 1001 1171 1087 episcopi,

44 1079 280 1162 archidiaconi,
298 1080 420 1161 decani,
440 1080 620 1144 sacerdotes
639 1081 745 1145 vocati
764 1081 828 1145 sint
843 1082 877 1144 in
888 1093 1009 1168 partem
1021 1083 1171 1148 sollicitu-

45 1165 149 1246 dinis,
170 1163 255 1228 solus
276 1173 384 1229 tamen
405 1165 552 1229 dominus
571 1186 656 1251 papa
670 1165 765 1228 estin
779 1164 976 1251 plenitudine
997 1165 1171 1253 dignitatis.

47 1249 149 1314 Unde
159 1247 287 1334 plenam
304 1250 424 1335 ubique
460 1256 625 1314 otestatem
637 1249 733 1314 habet
748 1271 840 1313 suam
851 1273 927 1316 exse
951 1252 984 1315 ui
1001 1252 1171 1317 iusticiam.

45 1332 174 1398 citatio
187 1353 263 1417 ergo
274 1332 387 1397 horum
402 1335 436 1397 iu
460 1333 544 1396 ‘cum
560 1356 601 1397 ex
615 1335 802 1398 auctoritate
817 1273 995 1421 apostolica
1008 1338 1111 1401 maior
1124 1345 1173 1401 est

45 1418 204 1482 citatione
219 1417 463 1504 archiepiscopi,
486 1427 517 1482 et
538 1418 585 1481 sic
600 1417 795 1483 sufficienter
809 1420 884 1484 estis
899 1441 956 1484 vos
969 1421 1065 1486 citati.
1089 1421 1171 1485 Gon·

44 1502 130 1567 victi
152 1511 258 1566 autem
281 1505 357 1566 estis
378 1525 420 1566 ex
442 1501 602 1566 evidentia
615 1502 706 1586 facti3
729 1503 805 1650 quia
819 1505 979 1568 notorium
995 1514 1051 1569 est.
1088 1503 1172 1570 Con-

45 1585 129 1651 fessi
146 1586 230 1667 estiS,
247 1587 322 1671 quia
335 1586 457 1651 factum
477 1607 542 1650 non
563 1588 697 1672 negatis.
761 1598 774 1652 t
795 1588 822 1651 si
843 1609 901 1672 pro
923 1589 984 1652 hoo
1001 1588 1085 1654 facto
1107 1611 1172 1653 uon

46 1671 167 1735 essetis
182 1671 462 1751 excommunicati,
486 1669 598 1736 saltem
618 1693 677 1756 pro
700 1692 738 1736 eo
760 1673 871 1736 essetis
894 1674 1171 1756 excommunicati,

71 1754 141 1818 uod
164 1754 345 1819 sacerdotes
367 1754 587 1820 inobedientes
609 1764 641 1820 et
662 1757 955 1820 excommunicatos
983 1759 1017 1822 in
1044 1757 1172 1821 malicia

46 1777 178 1920 levetis,
214 1841 312 1903 immo
344 1838 387 1902 ad
419 1837 620 1924 sacrilegium
654 1840 767 1924 cogitis
800 1848 832 1904 et
862 1840 1042 1906 hortamini.
1106 1842 1171 1923 Qui

46 1923 223 1987 miserrimi
245 1924 388 1988 omnium
409 1922 574 1987 hominum
596 1923 690 1988 vobis
711 1922 877 1988 adulantes
904 1947 968 1989 non
994 1925 1170 2008 attendunt,

73 2007 190 2072 ualiter
217 2007 347 2072 Lucifer
376 2007 415 2072 de
445 2006 512 2072 celo
543 2007 659 2072 cecidit
693 2018 825 2094 propter
859 2008 1107 2075 inobedientiam
1140 2020 1172 2076 et

84 2091 160 2156 dam
183 2091 222 2156 de
245 2091 393 2178 paradiso
416 2090 569 2178 expulsus
614 2101 723 2178 ropter
736 2092 1000 2175 inobedientiam,
1024 2092 1170 2160 Christus

49 2186 161 2241 autem
176 2175 407 2262 propterquod
424 2176 577 2240 obediens
588 2115 676 2240 {atri
687 2177 791 2240 factus
809 2187 856 2240 est
867 2179 983 2242 meruit
998 2177 1172 2262 gloriosam

48 2261 316 2326 resurrectionem
329 2270 360 2325 et
369 2258 510 2324 nobilem
524 2260 721 2346 triumphum
737 2261 777 2325 de
790 2262 936 2347 principe
951 2262 1170 2346 tene‘brarum3

50 2354 86 2410 et
114 2366 189 2408 cum
210 2343 310 2408 laicus
337 2343 453 2430 aliquis
474 2354 524 2409 est
545 2345 850 2422 excommunicatus,
872 2367 937 2410 non
951 2347 1171 2413 intromittitur

50 2430 137 2494 intra
157 2430 295 2515 parietes
317 2427 461 2511 ecclesie,
484 2438 515 2493 et
543 2429 596 2493 isti
617 2426 760 2493 infelices
786 2429 906 2494 audent
929 2431 1046 2496 intrare
1074 2434 1171 2498 etiam

51 2535 157 2600 usque
178 2513 221 2577 ad
242 2522 547 2577 sanctasanctorum
569 2521 601 2576 et
621 2521 752 2598 tangere
767 2512 913 2600 sacrilegi
934 2518 1170 2582 sanctissimum

53 2619 172 2682 corpus
194 2597 290 2661 Ihesu
318 2596 444 2679 utristi,
471 2596 558 2696 quod
581 2618 621 2660 ex
641 2597 758 2662 virtute
787 2599 956 2663 verborum
990 2601 1170 2684 conficitur,

55 2683 151 2770 quei
176 2683 203 2746 si
225 2681 390 2830 dampnati
413 2702 466 2746 ore
487 2680 653 2745 rmmundo
675 2691 707 2746 et
730 2681 824 2746 labiis
846 2681 975 2782 pollutis
997 2685 1170 2770 proferunt.

167 2766 266 2831 aicus
325 2766 336 2829 i
357 2767 403 2830 ita
424 2774 508 2830 esset
528 2766 610 2829 siout
631 2775 668 2831 tu
677 2765 878 2853 multiloquio
893 2777 948 2831 tuo
962 2790 1021 2832 nos
1035 2770 1170 2853 territas,

53 2873 256 2937 nequaquam
278 2850 339 2914 viri
361 2847 502 2934 religiosi
523 2849 563 2914 de
586 2851 672 2914 omni
695 2850 805 2914 ordine
825 2853 871 2916 ita
892 2853 1045 2918 sentirent
1065 2854 1170 2918 nobis-

55 2958 139 3018 cum,
162 2937 246 2999 sicut
264 2935 383 2998 faciunt
404 2933 553 2998 monachi
573 2934 699 3018 grisei²,
721 2932 796 3017 albi,
814 2935 908 3020 nigri,
924 2947 955 3000 et
969 2958 1034 3001 non
1048 2947 1171 3002 tantum

54 3019 214 3102 monachi,
235 3018 291 3083 sed
313 3039 423 3082 eorum
445 3018 578 3084 abbates
592 3017 761 3082 nobiscum
780 3028 881 3101 stant3
903 3031 1050 3104 preterea
1064 3019 1173 3085 clerici

55 3103 195 3185 litterati,
219 3105 274 3189 qui
295 3123 419 3166 sacram
441 3102 592 3188 paginam
614 3112 780 3184 noverunt,
804 3104 858 3188 qui
880 3100 966 3188 leges
981 3126 1019 3167 ac
1035 3126 1171 3169 canones

57 3188 175 3274 optime
197 3197 363 3270 noverunt,
384 3186 553 3268 affirmant,
576 3187 652 3272 quia
671 3185 840 3250 nobiscum
861 3187 976 3252 iniuste
995 3199 1101 3254 actum
1117 3191 1172 3271 sit3

58 3294 193 3360 quorum
215 3271 394 3336 testimonio
416 3270 489 3357 plus
512 3293 608 3358 quam
630 3279 685 3334 tuo
708 3270 804 3356 digne
826 3270 955 3335 credere
977 3271 1140 3338 debemus.

142 3355 293 3420 Clericus.
343 3355 401 3420 Isti
424 3364 499 3420 sunt
520 3364 551 3419 et
572 3377 630 3419 vos
660 3355 735 3418 estis
757 3353 797 3418 de
825 3354 941 3440 quibus
963 3356 1100 3421 dictator
1120 3355 1172 3421 ille

58 3441 204 3526 egregius
219 3441 372 3525 magister
385 3441 499 3505 Petrus
513 3437 676 3504 Blesensis
696 3437 940 3503 archidiaconus
962 3439 1059 3504 dixit:
1082 3442 1173 3506 Mide

58 3550 92 3591 re
116 3527 145 3588 is
167 3527 251 3589 vicio
275 3547 373 3588 aures
394 3533 513 3610 perurat
535 3526 626 3588 asini
646 3525 761 3609 mopui
781 3546 891 3588 rerum
906 3525 1040 3606 domiui,
1056 3527 1172 3611 quibus

105 3609 207 3674 olatio
223 3609 349 3694 palpat
369 3607 432 3674 late
454 3607 594 3694 patulos
626 3607 797 3672 auriculas
825 3617 854 3671 et
880 3609 1020 3673 humaui
1046 3610 1173 3675 bibulos

51 3693 197 3785 favoris,
214 3695 291 3757 ausi
312 3695 351 3758 dc
372 3716 406 3756 se
427 3694 555 3758 credere
570 3693 727 3778 quicquid
744 3700 849 3776 potest
861 3693 991 3779 fingere
1006 3716 1069 3758 coac
1091 3695 1172 3758 adu-

59 3779 182 3843 latoria.
230 3774 422 3842 Adulatores
452 3778 572 3863 quippe
600 3777 698 3840 vestri
728 3784 811 3858 sunt,
834 3778 890 3924 qui
916 3776 1113 3842 attendentes
1136 3799 1174 3843 ea

61 3885 121 3949 que
143 3881 201 3925 sua
220 3869 296 3925 sunt
316 3871 348 3927 et
368 3882 432 3925 non
453 3882 491 3926 ea
511 3860 680 3947 queresu
691 3858 819 3942 Obristi,
858 3883 912 3924 um
930 3859 1021 3925 vobis
1042 3868 1174 3947 propter

59 3945 247 4032 temporalia
260 3943 476 4026 blandiuntur,
488 3953 521 4010 et
533 3967 591 4009 vos
606 3953 637 4010 et
652 3967 686 4009 se
700 3946 797 4031 ipsos,
809 3945 885 4030 quia
896 3954 1005 4010 eterna
1015 3946 1176 4029 amittunt,

61 4108 84 4162 a)
99 4113 178 4160 pastor
192 4120 250 4150 corr.
266 4113 345 4151 noster
359 4121 378 4152 c.

63 4247 92 4316 l]
121 4249 193 4310 Quos
217 4267 296 4315 papa
322 4249 423 4301 iudicer
452 4246 583 4300 coustituit
612 4265 638 4298 a.
661 4249 744 4309 1206‚·
773 4266 798 4300 a.
818 4249 941 4310 Bdltmem
961 4249 1025 4318 ch.
1045 4268 1087 4304 atr.
1109 4253 1173 4304 213.

63 4317 91 4390 2)
113 4321 221 4375 Ordinis
242 4321 426 4386 deteramus,
448 4320 477 4374 S.
497 4319 649 4390 Auqustiai,
669 4320 699 4372 S.
719 4321 866 4374 Benedicti.

905 4389 944 4453 21
