2944 5002
302 407 355 458 346
416 407 467 458 EX
486 407 578 459 HIST.
600 406 877 460 COLONIENSIUM
896 406 934 457 IN
953 405 1102 456 Talentm
1122 405 1300 457 sundran.

227 592 293 634 121⁸·
301 597 432 662 gressus
472 586 599 641 nostros
640 597 753 640 versus
788 573 970 638 Messanam
1010 573 1074 639 leto
1110 574 1193 660 pede
1230 573 1420 650 direximus,
1461 609 1462 644 3

301 661 527 746 venientesque
562 681 663 745 prope
696 658 850 739 Siciliam,
887 657 996 722 divina
1032 659 1176 744 potentia
1207 661 1307 724 totius
1343 657 1420 722 boni
1461 705 1462 716 2

302 766 409 827 causa,
431 767 493 830 que
515 746 580 808 iam
602 766 660 809 nos
682 765 838 830 aquarum
861 753 893 807 et
913 743 997 806 aeris
1018 742 1230 808 commotione
1250 740 1421 808 tribulatos
1460 749 1462 792 ἓ

302 827 522 916 probaveras,
545 850 619 892 suos
641 827 747 892 adhuc
768 829 843 912 igne
860 827 1016 911 castigare
1032 826 1232 913 disponebat
1266 827 1422 891 Proxima

142 929 242 980 spera
257 928 441 1000 ’unamque
476 923 569 978 nocte
604 922 679 999 post
713 922 842 976 octavas
872 910 992 997 pasche
1025 910 1282 977 choruscationes
1315 910 1421 975 subito

303 1021 399 1084 super
426 1019 484 1062 nos
513 1007 581 1063 orte
609 1007 692 1078 sunt,
726 1006 758 1061 et
786 1017 862 1061 ecce
894 996 1074 1060 tonitruusb
1103 997 1136 1059 in
1167 1018 1246 1060 sono
1269 1017 1309 1059 ac
1332 1004 1421 1059 motu

302 1083 507 1148 acutissimus
530 1104 640 1146 omnes
661 1090 787 1145 nostros
808 1082 841 1144 in
864 1081 1000 1144 extasim
1023 1081 1138 1165 rapuit,
1161 1089 1193 1144 et
1206 1080 1318 1166 aliqui,
1366 1098 1421 1142 uos

302 1166 446 1232 deditosc
475 1188 587 1231 somno
616 1164 821 1251 putabamus,
848 1165 884 1228 in
905 1164 1046 1228 Domino
1075 1164 1281 1229 dormierunt
1367 1161 1423 1227 ulti

302 1253 398 1316 etiam
421 1274 462 1316 ex
484 1249 654 1315 fulminum
676 1247 857 1315 ustionibus
886 1249 1049 1315 cicatrices
1076 1251 1110 1312 in
1141 1247 1329 1314 memoriale
1352 1270 1424 1335 per·
1461 1267 1462 1270 ’

303 1335 461 1421 empniter
482 1343 662 1401 tenuerunt.

494 1505 523 1568 6.
556 1503 613 1568 De
636 1501 904 1588 expedicione
925 1501 972 1565 ad
993 1502 1232 1566 Damiatam.

316 1655 317 1658 ¹
385 1623 501 1688 Anno¹
525 1626 625 1709 gratie
647 1622 815 1688 millesimo
837 1623 1056 1688 ducentesimo
1078 1622 1338 1688 octavodecimo
1355 1642 1424 1685 coc·

301 1729 400 1794 gones
430 1707 677 1773 innumerabiles
709 1708 749 1772 ad
776 1719 904 1794 portum
932 1711 1154 1772 Acconensem
1186 1705 1424 1793 applicuerunt,

303 1793 370 1856 sine
392 1793 509 1879 quibus
530 1815 595 1856 non
618 1792 811 1878 expediebat
832 1793 1010 1856 exercitum
1031 1791 1176 1856 navalem
1198 1793 1232 1854 in
1253 1791 1424 1875 Egyptum

302 1877 451 1961 dirigere.
494 1877 565 1940 Rex
587 1886 619 1941 et
636 1878 816 1963 patriarcha
838 1899 911 1940 cum
933 1875 1011 1940 flore
1029 1876 1167 1956 Austrie,
1183 1873 1423 1960 Hospitalibus-

325 1983 365 2024 ue
393 1971 425 2026 et
445 1959 636 2047 Templariis
664 1961 796 2026 consilio
820 1961 958 2047 Spiritus
988 1961 1090 2024 sancti
1119 1958 1364 2045 expeditionem
1393 1960 1423 2021 in

302 1984 514 2131 babyloniam
535 2045 599 2110 fide
621 2047 809 2131 interposita
829 2054 995 2127 voverunt,
1017 2045 1208 2132 prefigentes
1231 2043 1422 2129 peregrinis,

304 2130 360 2237 qui
393 2127 536 2216 pericula
569 2132 665 2194 maris
697 2130 823 2216 plenius
856 2131 980 2216 experti
1019 2140 1102 2211 sunt,
1138 2130 1245 2193 iterini
1278 2126 1423 2192 laborisd

193 2213 542 2278 *awtnxalationem
564 2224 673 2279 sancte
695 2216 811 2280 crucis.
854 2213 949 2279 Unde
971 2214 1098 2295 accidit,
1120 2214 1210 2276 utin
1232 2214 1423 2277 ascensione

303 2297 447 2381 Domini,
479 2297 608 2384 quando
640 2321 739 2362 naves
768 2297 878 2384 egredi
905 2296 1075 2380 debebant,
1107 2306 1204 2383 prout
1230 2298 1424 2379 iuraverant,

306 2404 348 2446 ex
369 2383 530 2468 insperato
553 2383 668 2482 viginti
688 2393 752 2447 tres
775 2405 937 2468 coggones
959 2383 1189 2469 subsequentes
1212 2382 1423 2467 applicarent.

306 2466 406 2530 Porro
436 2488 509 2530 cum
538 2489 675 2532 maiores
704 2490 778 2532 oum
808 2467 896 2553 ligno
929 2477 1038 2531 sancte
1074 2467 1179 2530 crucis
1210 2465 1423 2551 precedentes

306 2550 564 2635 congregationis
600 2549 706 2615 locum
741 2552 828 2637 apud
860 2552 1050 2616 Districtum
1087 2560 1265 2632 servarent,
1303 2549 1424 2614 classes

305 2635 464 2698 minorum
486 2647 518 2700 et
538 2634 706 2699 humilium
722 2635 850 2701 Christo
873 2636 955 2701 duce
969 2635 1154 2700 Damiatam
1175 2634 1258 2697 infra
1279 2634 1425 2699 triduum

305 2716 538 2817 applicuerunt.
581 2719 624 2784 Et
651 2722 768 2783 mirum
796 2721 894 2802 dictu,
923 2721 978 2808 qui
1005 2718 1127 2784 tardius
1150 2720 1262 2783 Accon
1290 2741 1310 2783 a
1332 2728 1425 2804 tergo

305 2801 507 2888 reliquerant,
535 2825 594 2888 per
615 2803 695 2868 duas
717 2805 848 2891 quidam
870 2804 1077 2887 ebdomadas,
1105 2803 1237 2891 quidam
1259 2814 1291 2869 et
1314 2825 1424 2890 supra,

306 2885 405 2973 aliqui
426 2888 523 2952 etiam
545 2910 604 2972 per
624 2911 767 2954 mensem
788 2888 839 2954 vel
868 2888 1004 2975 amplius
1034 2890 1068 2952 in
1090 2888 1170 2952 mari
1197 2897 1270 2952 sunt
1291 2887 1426 2954 detenti.

305 2970 447 3037 Domino
480 2982 588 3037 autem
620 2972 789 3038 humilium
820 2974 971 3039 affectum
1003 2973 1178 3058 dirigente,
1210 2973 1366 3037 Frisones
1398 2981 1426 3037 et

306 3056 496 3121 Theutonici
525 3079 598 3120 cum
625 3056 696 3121 aliis
722 3081 857 3122 numero
886 3059 997 3144 paucis
1024 3066 1142 3121 terram
1169 3057 1322 3122 audacter
1350 3079 1426 3121 con-

306 3141 471 3207 scendunt.
510 3143 556 3206 Pa
580 3143 634 3205 ani
654 3143 771 3207 nostris
788 3143 963 3224 obviantes,
985 3141 1158 3206 Frisonicis
1173 3151 1329 3206 corruunt
1342 3141 1426 3223 telis,

307 3226 484 3312 ceterisque
505 3165 659 3292 viriliter⁶
688 3226 836 3312 repulsis,
863 3228 998 3291 tentoria
1026 3228 1110 3290 inter
1135 3247 1224 3290 mare
1253 3234 1285 3290 et
1310 3225 1426 3290 Nilum

306 3310 531 3375 decentissime
553 3322 626 3376 sunt
648 3311 802 3375 ordinata.
846 3311 1030 3393 Damiata²,
1052 3310 1085 3374 id
1107 3318 1156 3375 est
1177 3311 1320 3374 omnium
1343 3311 1425 3374 civi·

305 3404 407 3459 tatum
433 3394 556 3481 Egypti
585 3395 723 3476 domina,
757 3397 790 3459 in
811 3396 883 3481 ripa
903 3395 969 3460 Nili
990 3396 1081 3460 iuxta
1101 3416 1190 3459 mare
1212 3415 1371 3480 magnum
1394 3395 1427 3458 in

305 3477 418 3561 insrrla,
447 3480 546 3544 immo
573 3503 669 3565 super
696 3479 811 3544 florida
837 3480 1000 3566 temporel
1027 3487 1074 3544 est
1100 3481 1170 3543 sita.
1223 3479 1292 3542 Hec
1322 3480 1426 3564 pratis

307 3584 433 3710 semper
453 3564 641 3645 virentibus,
670 3566 769 3629 ortis&
798 3585 835 3628 ao
861 3565 1029 3664 pomeriis,
1057 3563 1173 3650 palmis
1198 3573 1231 3627 et
1251 3560 1427 3630 arboribus

306 3647 382 3713 nobi
394 3647 509 3710 issimis
543 3647 741 3713 iocundatur.
794 3648 879 3713 Muri
908 3649 1046 3712 civitatis
1075 3650 1210 3712 turrium
1236 3648 1427 3714 fortitudine

307 3729 538 3816 superbientes,
574 3731 700 3797 fossatis
732 3755 772 3798 ac
807 3731 912 3798 fluviis
942 3734 1246 3818 circumcinguntur.
1300 3731 1427 3797 Versus

308 3815 516 3896 occidentem,
537 3815 594 3879 ubi
615 3838 674 3902 per
694 3816 803 3881 Nilum
826 3828 987 3904 prestatur
1008 3816 1123 3898 aditus,
1153 3839 1213 3904 pro
1235 3817 1370 3881 custode
1393 3818 1426 3881 in

308 3996 331 4049 e)
346 3998 503 4048 protererent
514 4009 572 4038 corr.
586 3997 725 4047 probaverat
733 4010 751 4038 o.
825 3999 850 4052 b)
865 4001 964 4040 tonitrus
980 4012 1037 4040 corr.
1054 4001 1168 4040 tonitruus
1184 4011 1202 4042 e.
1277 3999 1298 4051 e)
1316 4001 1425 4043 deditos.

308 4055 331 4107 d)
347 4057 474 4098 vocabulum
496 4055 593 4109 (dteml)
615 4057 685 4096 deuse
706 4058 796 4100 videtur.
885 4058 907 4110 e)
924 4061 1030 4100 virilibus
1045 4064 1096 4099 uate
1110 4060 1210 4100 viriliter
1224 4070 1265 4102 rer.
1288 4061 1326 4099 sed
1348 4061 1392 4103 del.
1408 4072 1425 4102 e.

307 4114 325 4166 ἰ)
341 4117 373 4156 ita
388 4128 414 4163 e.,
431 4118 490 4156 lectas
505 4121 578 4166 aperte
592 4120 716 4166 corruptas.
777 4115 800 4168 g)
818 4121 893 4158 ortum
907 4124 958 4159 unte
974 4121 1031 4160 ortis
1046 4120 1086 4159 det.
1101 4131 1119 4161 ο.

310 4263 338 4334 1)
370 4265 446 4319 Haec
477 4285 509 4318 ea
545 4267 637 4320 eadem
671 4265 771 4318 Oliveri
807 4269 935 4321 relatione
974 4287 1027 4336 qao
1058 4269 1200 4336 seperiora
1230 4277 1319 4321 sumta
1351 4279 1425 4324 suat.

294 4339 338 4433 fg)
358 4339 398 4406 Os.
422 4341 552 4392 simililem
580 4340 778 4406 descriptionem
806 4343 835 4394 in
861 4341 991 4432 Chronica
1018 4341 1092 4412 repis
1120 4361 1204 4410 snpra
1226 4361 1257 4409 p.
1278 4344 1348 4409 2453
1379 4345 1426 4397 sed

295 4470 317 4524 ι)
332 4414 393 4512 Ιἔξω
410 4413 452 4464 tte
471 4414 549 4464 aliter
567 4429 701 4478 caprena.

360 4486 371 4512 b
