2970 4996
259 413 294 463 60
407 412 594 465 CHRONIOA
614 413 726 464 REGIA
746 408 990 463 COLONIENSIS
1010 410 1041 460 Α.
1063 409 1142 458 1121.
1164 408 1242 457 1122.

633 582 799 638 Recenslo
818 583 842 638 1.
862 585 953 636 codd.
975 583 1007 634 A.

258 683 332 729 cum
354 669 441 732 omni
463 665 550 736 fere⁸
571 672 660 736 urbis
675 670 776 735 loeo¹.
813 668 981 734 Prediotus
1003 668 1070 732 dux
1087 688 1196 731 omnes
1210 667 1277 732 lere
1291 665 1385 732 urbis

257 750 450 836 defensores,
473 765 539 820 tam
562 755 685 820 nobiles
708 777 805 839 quam
825 750 1058 833 ministeriales,
1081 760 1192 850 captos
1217 749 1386 817 abducit*

138 874 245 926 w,
332 836 426 902 Circa
448 838 564 905 festum
587 841 690 904 sancti
705 836 904 924 Myohahelis
927 838 960 899 in
982 835 1058 900 sede
1074 834 1250 922 eprsoopali
1264 836 1385 901 Wirci-

256 919 359 1008 burgl
391 924 435 986 im
462 933 567 989 erator
599 933 631 989 et
662 926 758 987 totius
790 922 883 1006 regni
914 921 1076 1006 principes
1113 920 1310 984 conveniunt
1342 931 1386 1003 et,

257 1005 422 1072 misericor
446 1009 476 1071 ia
492 1009 556 1074 Dei
575 1006 759 1094 opitulante,
781 1007 814 1069 in
830 1004 1035 1070 concordiam
1050 1002 1194 1086 redeunt,
1215 1003 1336 1069 iudicio
1352 1017 1387 1071 et

206 1126 208 1130 ·
258 1089 392 1156 consilio
414 1091 525 1157 domni
546 1091 716 1178 apostolici
738 1112 870 1156 causam
892 1090 976 1173 regis
992 1088 1267 1154 determinandam
1282 1111 1385 1155 reser-

256 1183 369 1239 vantes
377 1188 399 1240 ².

636 1259 731 1323 Anno
753 1258 888 1323 Domini
912 1256 1002 1321 1122.

146 1363 246 1406 naam.
331 1342 511 1429 Imperator
536 1344 654 1408 festum
683 1352 890 1428 pentecosten
912 1365 930 1406 a
956 1339 1000 1404 ud
1021 1340 1204 1404 Traiectum
1232 1339 1383 1408 celebrat.

256 1424 372 1513 Ibique
395 1437 464 1492 orta
486 1427 601 1492 seditio
623 1431 706 1492 inter
727 1428 903 1511 armigeros
931 1364 971 1490 de
1000 1446 1034 1488 re
1060 1423 1198 1506 modica,
1227 1425 1275 1488 uti
1305 1447 1384 1512 sepe

256 1509 302 1593 fit,
336 1533 438 1596 usque
471 1512 512 1576 ad
541 1511 657 1577 milites
683 1519 822 1574 armatos
851 1509 1007 1595 pervenit,
1034 1509 1137 1593 edque
1166 1509 1318 1590 excrevit,
1346 1520 1387 1575 ut

256 1596 458 1681 imperatoris
487 1597 583 1660 amici
610 1597 799 1682 episcopum
830 1616 903 1658 curn
936 1593 1001 1657 suis
1035 1593 1119 1657 intre.
1152 1594 1384 1657 monasterium

256 1679 366 1763 fugere
389 1679 625 1766 compellerent,
648 1678 820 1766 plerosque
842 1689 1003 1764 caperent,
1025 1676 1151 1762 aliquos
1174 1678 1271 1740 etiam
1284 1679 1384 1742 truci-

257 1763 378 1829 darent.
422 1766 498 1851 Ipse
520 1787 595 1830 vero
618 1766 789 1850 episcopus
812 1764 846 1826 in
867 1763 1062 1826 monasterio
1085 1771 1198 1846 captus
1227 1769 1259 1824 et
1280 1762 1384 1847 impe-

256 1850 354 1913 ratori
386 1859 596 1935 presentatus,
624 1848 790 1913 custodiae
817 1848 924 1932 regiae
954 1845 1140 1930 deputatur3
1174 1867 1194 1908 a
1225 1867 1289 1930 qua
1317 1867 1384 1910 non

256 1930 352 2018 longo
374 1942 517 2018 tempore
539 1935 704 1999 interiecto
727 1933 805 2078 fuqa
827 1931 955 2016 elapsus
977 1928 1141 1994 solvitur³.
1180 1927 1298 1994 Omnia
1320 1929 1384 1994 heo

255 2016 491 2083 machinatione
513 2018 680 2082 cuiusdam
703 2016 773 2082 Gisi
785 2015 879 2097 berti,
902 2015 956 2100 qui
983 2014 1170 2100 episcopum
1199 2013 1383 2098 infestabat,

255 2109 327 2164 acta
348 2123 418 2166 esse
438 2101 576 2166 aiebant.
640 2102 821 2186 Imperator
835 2097 1071 2183 Falkenburg0·
1080 2105 1104 2180 ⁴,
1127 2107 1268 2162 castrum
1283 2101 1384 2163 comi-

254 2184 296 2248 tis
319 2182 475 2260 Gozwini,
498 2196 626 2270 captum
649 2184 757 2249 diruit.

153 2301 211 2354 ap,
225 2305 245 2342 1,
333 2268 429 2332 Circa
468 2269 582 2333 festum
621 2279 729 2334 sancte
765 2267 886 2332 Marie⁵
926 2266 1039 2351 Spire⁶
1079 2275 1256 2330 conventus
1294 2269 1382 2352 prin-

257 2353 365 2438 cipum
387 2353 432 2416 fit.
475 2352 527 2417 Ibi
548 2355 720 2438 episcopus
746 2352 935 2434 Hostiensie,
964 2351 1014 2413 vir
1042 2348 1220 2434 religiosus,
1249 2361 1383 2416 sanctae

257 2436 421 2500 Romanae
451 2436 604 2502 ecclesiae
634 2436 769 2522 legatus,
797 2435 941 2500 consulto
969 2433 1087 2498 domno
1117 2433 1293 2519 apostolico
1321 2435 1383 2502 (la-

256 2519 347 2599 lixto,
369 2520 595 2607 imperatorem
615 2520 722 2585 banno
738 2519 886 2586 absolvit.
922 2519 1102 2604 Imperator
1122 2539 1209 2598 vero,
1231 2529 1267 2583 ut
1282 2519 1384 2585 eecle-

258 2605 404 2669 siasticae
426 2606 571 2670 iusticiae
601 2605 806 2685 satisfaceret,
837 2605 1043 2669 investituras
1071 2601 1384 2670 aecclesiasticarum

258 2688 451 2772 dignitatum
484 2699 593 2753 sancto
626 2690 721 2754 Petro
755 2689 887 2770 remisit,
919 2689 964 2752 ita
996 2686 1174 2768 dumtaxat,
1207 2697 1251 2769 ut,
1280 2687 1385 2754 libera

258 2771 413 2836 electione
436 2773 627 2859 precedente
650 2782 682 2851 et
703 2794 861 2837 canonum
883 2773 1040 2857 gravitate
1061 2783 1259 2855 conservata,
1280 2774 1382 2859 impe-

319 2934 348 3002 *)
367 2936 422 2985 112
443 2936 522 2989 odda
541 2939 648 2988 Porro
669 2940 817 2989 comites
838 2936 1061 3002 Capenberg,
1081 2937 1139 3002 qni
1164 2937 1265 2988 buius
1290 2938 1382 2990 faeti

369 3010 991 3077 videbanturauctores,penitencia
1008 3009 1380 3071 ducti,seculorenun·

369 3086 568 3147 cieverunt,
583 3084 790 3150 capenberg
810 3089 960 3134 castrum
980 3085 1014 3132 in
1034 3080 1381 3137 claustrumoommn·

368 3163 540 3219 taverunt,
561 3164 699 3209 eentum
720 3163 753 3208 et
771 3158 921 3224 quinque
946 3155 1205 3208 ministeriales
1232 3160 1380 3224 copiose

367 3231 642 3282 inbeneficiatos
663 3247 736 3282 eum
756 3231 893 3296 prediis
913 3230 1033 3284 multis
1048 3231 1380 3299 sanotoPauloapo·

368 3303 461 3354 stolo
482 3305 705 3356 donaverunt.

260 3415 460 3423 ----—-.-.-—-

600 3432 763 3484 Reccaaio
785 3430 826 3482 II.
847 3431 937 3482 codd.
956 3430 990 3482 B.
1012 3430 1039 3482 0.

588 3519 637 3582 17.
680 3519 775 3581 Anno
797 3517 932 3581 Domini
955 3516 1046 3580 1122.

330 3600 513 3664 Friderious
545 3599 792 3689 [Coloniensisd]
824 3599 1022 3685 archiepisco
1047 3622 1084 3664 us
1114 3620 1187 3663 cum
1211 3601 1382 3671 Colonien-

258 3682 347 3748 sibus
364 3682 529 3768 Carpenee
545 3683 711 3748 castellum
725 3685 928 3770 imperatoris
944 3623 1106 3766 obsidens,
1127 3685 1213 3770 cepit
1227 3696 1258 3750 et
1273 3687 1381 3757 diruit.

333 3773 412 3825 Circa
440 3775 537 3824 festum
566 3782 659 3825 sancte
681 3777 784 3826 Mariae
805 3775 881 3842 Spire
909 3781 1056 3826 conventus
1085 3777 1234 3841 principum
1260 3777 1304 3841 fir;
1333 3783 1382 3833 ubi

257 3847 410 3897 Hostiensis
430 3848 581 3913 episeopus,
600 3853 711 3898 sanotae
730 3850 868 3900 Romanae
888 3848 1040 3900 aecclesiae
1060 3848 1175 3913 legatus,
1199 3851 1380 3906 consulente

257 3920 406 3986 apostolico
432 3918 547 3983 Oelixto,
572 3923 760 3988 imperatorem
786 3923 874 3973 banno
899 3922 1023 3974 absolvit.
1061 3923 1210 3988 Imperator
1234 3934 1381 3980 econtra

258 4065 281 4117 a)
297 4076 357 4116 pene
374 4065 422 4107 Aa.
484 4063 509 4117 b)
525 4065 664 4115 Wertebnrg
680 4067 729 4108 Aa
775 4066 946 4120 clrsaperscr.
963 4068 1056 4112 A1.=
1072 4065 1096 4119 d)
1111 4069 1167 4108 dccet
1182 4069 1226 4110 01.
1285 4070 1380 4123 e)Ke1-.

257 4135 319 4175 pcne
334 4125 381 4164 otiu
395 4136 463 4166 mauu
478 4136 496 4168 s.
511 4125 577 4165 XIII.
593 4127 761 4176 superscriptum
776 4128 830 4178 Bl,·
846 4133 864 4167 ct
880 4129 912 4167 itu
928 4127 971 4168 01.

259 4268 288 4331 1)
307 4265 348 4317 De
367 4275 480 4331 tempore
500 4285 524 4319 v.
545 4266 654 4320 sca-B.
669 4271 778 4335 11194.
855 4268 884 4336 2)
906 4268 1113 4338 of.LL.11,p.
1129 4273 1172 4322 74.
1244 4269 1274 4337 3)
1294 4268 1381 4322 Aliter

257 4339 434 4391 Eklccltarulus
454 4359 480 4393 o.
497 4341 574 4394 1123.
594 4360 649 4395 rem
667 4351 773 4396 narrat.
829 4342 858 4408 4)
880 4341 920 4409 Qf.
934 4343 1052 4395 Anselrm'
1065 4353 1132 4395 cont.
1146 4343 1244 4412 Siqeb,
1260 4343 1312 4396 Sd.
1333 4344 1380 4410 VI,

251 4431 281 4479 p.
301 4414 364 4464 373.
441 4413 469 4481 ὅ)
489 4413 518 4467 S.
538 4415 645 4466 Murice
664 4417 748 4469 aetia.
822 4415 852 4483 6)
877 4417 1042 4469 Wormetiae.
