2944 5002
292 374 346 426 338
458 373 609 426 OLIVERI
627 371 784 423 RELATIO
804 373 853 422 DE
873 371 1005 423 EXPED.
1024 370 1241 422 DAMIATINA.

219 565 285 607 rana.
296 558 323 602 et
341 551 474 617 peregrini
493 551 610 616 ipsorum
629 545 753 598 Mecham
776 545 918 597 tendentes
937 546 982 597 vel
1006 546 1041 596 ab
1061 551 1277 598 antevertentes
1296 547 1410 597 mannire

295 609 396 680 aelenss
417 629 444 674 et
463 624 508 688 qui
528 623 579 672 hec
598 625 721 688 potenter
739 621 863 682 tenuerit,
883 618 1041 680 Ierusalem,
1069 636 1129 670 cum
1148 619 1272 679 voluerit,
1291 621 1411 686 graviter

294 698 374 748 nimis
396 711 456 748 cum
475 697 547 761 agris
568 701 595 746 et
612 695 699 744 rineie
717 692 809 743 ledere
826 695 933 758 poterit.
980 695 1059 743 Hanc
1079 695 1291 760 conpositionem
1312 709 1410 760 accep-

295 770 405 822 tandam
425 786 484 820 esse
504 776 531 820 et
549 767 642 819 utilem
662 766 857 827 christianitati,
877 782 924 817 rex
943 773 971 818 et
988 768 1167 832 Francigene,
1194 782 1285 818 comes
1306 767 1411 818 Oestrie

296 861 356 896 cum
389 845 538 910 capitaneis
568 842 815 892 Theutonicorum⁸
847 847 1008 892 censuerunt
1039 842 1220 907 pertinaciter.
1267 841 1327 890 Nec
1359 841 1410 891 hoc

295 917 445 972 mirandum
463 917 523 979 fuit,
542 918 606 981 quia
624 914 705 980 longe
724 915 819 964 minori
838 929 916 980 paee,
936 930 987 980 que
1006 917 1079 979 prius
1099 914 1190 965 oblata
1208 909 1327 976 marath,
1348 929 1410 964 con·

294 993 362 1043 tenti
380 991 502 1053 inissent,
521 991 593 1040 nisi0
616 1003 683 1040 sano
703 987 814 1038 consilio
841 993 913 1038 esset
931 989 970 1038 eis
996 989 1139 1037 obviatum.
1178 988 1299 1054 Legatus
1320 994 1411 1039 antem

296 1081 356 1116 cnm
375 1064 534 1131 patriarcha,
554 1062 771 1128 archiepiscopis,
791 1062 934 1128 episcopis,
948 1061 1116 1126 Templariis,
1128 1060 1330 1127 Hospitalariis,
1351 1076 1411 1110 cum

295 1139 417 1189 omnibus
440 1136 521 1186 Italie
547 1136 695 1202 capitaneis
720 1133 863 1198 multisque
888 1134 948 1185 aliis
972 1135 1146 1201 prudentibus
1173 1133 1324 1184 efficaciter
1347 1135 1412 1184 huic

294 1211 419 1262 uacatui
444 1226 473 1261 se
498 1211 629 1276 opposuit,
653 1207 848 1258 rationabiliter
872 1209 1025 1271 ostendens,
1046 1208 1200 1258 Damiatam
1219 1224 1279 1259 esse
1300 1211 1411 1274 capien-

297 1285 358 1336 dam
378 1289 440 1334 ante
460 1286 557 1334 omnia.
597 1282 694 1349 Opinio
715 1281 821 1332 diversa
833 1284 939 1348 peperit
952 1281 1123 1332 discordiam.
1161 1282 1220 1344 Quo
1240 1283 1294 1332 cito
1314 1281 1411 1332 sedata

295 1358 383 1408 fuerat
410 1362 518 1423 propter
547 1371 713 1407 communem
739 1356 936 1406 necessitatem.
990 1356 1100 1405 Interea
1127 1355 1255 1406 soldanus
1284 1369 1410 1420 magnam

295 1425 517 1482 multitudinem(1
536 1430 656 1496 peditum
676 1427 799 1479 clanculo
818 1445 866 1495 per
885 1429 947 1478 loca
965 1428 1096 1494 palustria
1115 1430 1188 1479 misit
1206 1428 1242 1477 ad
1262 1429 1411 1490 civitatem,

296 1520 406 1570 quorum
434 1503 543 1554 ducenti
562 1504 740 1569 quadraginta
760 1501 909 1552 christianis
935 1501 1146 1552 dormientihns⁰
1164 1503 1272 1552 fuerunt
1294 1503 1410 1568 ingressi

198 1581 283 1624 Noua
296 1577 431 1628 dominica
449 1583 510 1644 post
528 1577 625 1628 festum
636 1575 761 1628 Omnium
780 1582 944 1626 sanctorum.
980 1576 1101 1626 Tandem
1114 1591 1163 1641 per
1176 1575 1323 1626 clamorem
1343 1577 1409 1640 vigi-

293 1650 349 1704 lum
369 1651 452 1702 occisi
470 1656 532 1702 sunt
551 1656 578 1701 et
597 1651 669 1716 capti
688 1665 754 1714 quos
774 1648 954 1700 adducentes
972 1654 1000 1700 et
1012 1649 1103 1716 plures
1117 1665 1176 1700 esse
1194 1650 1408 1715 conputavimus.

198 1740 284 1786 Noai.
369 1724 412 1773 14.
431 1725 521 1775 Nonas
537 1724 705 1782 Novembris,
722 1722 862 1773 Salvatore
878 1722 970 1772 mundi
984 1729 1113 1788 regnante
1125 1730 1151 1772 et
1162 1722 1269 1773 domiuo
1279 1715 1412 1773 Alhertof

293 1797 441 1848 albanensi
456 1799 583 1864 episcopo
603 1797 751 1864 apostolice
770 1796 842 1847 sedis
857 1797 994 1862 legatione
1008 1796 1130 1847 sollerter
1147 1797 1310 1862 iungentes,
1331 1802 1410 1862 capta

294 1877 335 1923 est
353 1872 483 1922 Damiate
501 1872 603 1936 absque
627 1869 773 1928 deditione,
797 1871 854 1920 aine
874 1869 1038 1933 defensione,
1064 1871 1122 1920 sine
1137 1869 1256 1920 violenta
1277 1869 1408 1936 depreda-

292 1945 365 1995 tione
392 1960 452 1995 cum
475 1944 598 2007 tumultu,
629 1949 658 1994 ut
686 1943 738 1994 soli
756 1943 827 1993 Filio
846 1944 899 1993 Dei
928 1943 1067 1994 evidenter
1095 1944 1259 1994 asscribatur
1283 1945 1405 1994 victoria.

293 2018 345 2080 Qui
372 2018 457 2084 primo
485 2018 583 2084 populo
609 2033 657 2068 ruo
687 2017 836 2082 ingressum
861 2019 889 2066 in
914 2019 1049 2084 Egyptnm
1076 2017 1219 2082 inspiravit
1248 2022 1276 2067 et
1302 2016 1404 2067 ibidem

292 2092 363 2142 vires
382 2092 549 2142 ministravit.
587 2093 701 2141 Etcum
722 2098 863 2156 caperetur
889 2090 984 2141 civitas
1009 2092 1037 2140 in
1056 2091 1143 2140 oculis
1162 2093 1233 2156 regis
1253 2090 1405 2151 Babilonis,

292 2181 347 2215 non
364 2165 415 2215 fnit
432 2180 512 2216 ausus
533 2181 604 2215 more
629 2163 709 2214 solito
729 2163 828 2214 Christi
848 2164 946 2214 milites
969 2164 1004 2214 ad
1025 2164 1207 2214 defensionem
1233 2170 1345 2230 paratos
1360 2179 1406 2230 per

291 2240 420 2290 fossatum
448 2243 566 2289 nostrum
595 2237 716 2304 aggredi.
766 2237 868 2288 Eodem
898 2239 985 2288 eciam
1014 2243 1134 2304 tempore
1160 2238 1256 2288 fluvius
1289 2237 1409 2288 excrevit

291 2311 430 2363 uberrimis
450 2313 526 2378 aquis
545 2311 673 2363 fossatum
697 2310 820 2376 impleus.
866 2311 929 2376 Ipse
949 2327 1012 2362 vero
1039 2312 1164 2362 confusus
1191 2312 1301 2378 propria
1320 2317 1406 2361 castra

293 2386 438 2436 combussit
458 2392 485 2436 et
502 2385 579 2450 fugit.
617 2386 692 2435 Deus
711 2389 809 2447 autem,
828 2385 875 2450 qui
893 2387 972 2436 tertia
992 2385 1036 2434 die
1049 2400 1134 2450 aquas
1147 2400 1228 2451 super
1239 2383 1406 2435 firmamento

293 2459 469 2524 congregavit
487 2458 622 2509 inlocum
640 2473 731 2520 uuum
755 2459 814 2524 ipae
833 2460 971 2523 agonistas
995 2474 1057 2509 suos
1076 2474 1124 2525 per
1143 2474 1227 2523 aquae
1247 2459 1329 2509 maris
1346 2473 1406 2524 per-

293 2531 368 2583 duxit
386 2532 422 2582 ad
441 2539 545 2599 portum
564 2533 689 2582 Damiate
713 2546 805 2582 mense
823 2531 895 2582 Maio
914 2532 983 2582 feria
1001 2533 1027 2582 3.
1073 2531 1190 2582 Eosdem
1216 2532 1337 2582 traduxit
1359 2546 1407 2597 per

292 2605 385 2656 Nilum
404 2605 439 2654 ad
459 2605 636 2656 obsidendam
657 2606 792 2656 civitatem
812 2621 903 2656 mense
916 2599 1085 2656 Februariot
1105 2606 1173 2655 feria
1186 2606 1211 2655 3.
1241 2605 1320 2656 Idem
1333 2598 1404 2671 ipsei

294 2680 367 2744 cepit
392 2679 527 2730 civitatem
552 2680 622 2729 inter
640 2693 725 2744 aquas
748 2679 828 2729 sitem
852 2679 920 2730 feria
944 2679 971 2730 3.
991 2675 1106 2730 mensal*
1125 2679 1280 2730 Novembri.
1327 2679 1405 2728 Hanc

172 2763 211 2806 Le.
219 2761 254 2816 15,
262 2763 283 2806 t.
292 2751 386 2804 urbem
404 2752 488 2803 vitula
508 2753 676 2804 conternanti
683 2748 699 2816 ¹,
719 2769 771 2818 que
789 2753 868 2803 tertio
886 2759 1031 2804 terremotu
1049 2753 1179 2804 subversa
1198 2759 1247 2816 est,
1266 2767 1405 2818 possumus

292 2825 450 2878 assimilare.
481 2826 598 2876 Vitnlam
612 2824 779 2893 appellamus
798 2833 907 2893 propter
926 2828 982 2877 eius
1001 2826 1151 2878 lasciviam.
1188 2826 1314 2877 Piscibus
1327 2827 1406 2885 enim,

292 2900 386 2951 avibus
406 2905 433 2950 et
451 2901 567 2966 pascuis,
592 2900 731 2967 frumento,
759 2901 822 2950 ortis
843 2906 870 2950 et
887 2901 1015 2966 pomeriis
1033 2899 1207 2963 habundavit,
1232 2898 1405 2965 negotiando,

292 2974 441 3040 pyraticam
461 2973 611 3024 exercendo
631 2973 736 3024 deliciis
757 2973 860 3023 effluxit
877 2975 905 3023 in
925 2974 1014 3040 culpa,
1042 2973 1195 3040 pereffluxit
1213 2975 1241 3023 in
1267 2973 1405 3038 gehenna;

293 3047 341 3098 sed
360 3063 414 3098 una
431 3047 498 3098 hora
516 3050 590 3098 venit
607 3047 731 3098 inditium
747 3047 813 3098 eins.
852 3046 1087 3098 conternantemm
1106 3047 1229 3109 dicimus,
1248 3049 1312 3112 qnia
1332 3047 1406 3114 qnasi

292 3123 371 3172 tertio
388 3126 533 3172 terremotu
551 3121 715 3170 habitatores
735 3120 792 3171 eius
810 3122 954 3186 perierunt,
970 3122 1030 3187 ipsa
1042 3127 1134 3171 tamen
1153 3122 1258 3186 integra
1271 3126 1404 3171 manente.

292 3196 317 3246 Δ
337 3194 430 3246 Grecis
450 3200 477 3244 et
489 3195 594 3245 Latinis
613 3196 697 3260 primo
716 3193 767 3244 fnit
785 3193 903 3258 obsessa,
923 3196 969 3260 qni
988 3195 1022 3246 ab
1043 3211 1076 3244 ea
1096 3195 1261 3245 defecerunt.
1299 3194 1406 3245 Deinde

292 3267 341 3318 sub
361 3267 520 3319 amalricon
540 3267 753 3318 Ierosolimitano
777 3283 842 3334 rege
868 3271 964 3319 iterum
990 3284 1007 3318 a
1028 3269 1141 3330 Latinis,
1169 3271 1215 3334 qui
1240 3284 1295 3318 non
1319 3267 1406 3335 profe·

294 3347 394 3394 cerunt.
439 3343 500 3391 Hac
523 3343 583 3392 vice
608 3343 693 3392 tercia
717 3357 765 3391 rex
784 3357 876 3406 regum
903 3348 930 3393 et
955 3341 1078 3393 dominus
1104 3340 1297 3392 dominantium
1323 3342 1406 3392 servis

293 3415 348 3466 suis
367 3414 478 3464 tradidit
487 3415 609 3466 Christus
628 3415 732 3473 ihesus,
752 3415 798 3480 qui
811 3416 904 3476 vincit,
922 3421 1018 3480 regnat
1032 3422 1059 3466 et
1071 3418 1194 3482 imperat,
1214 3416 1260 3481 qui
1279 3416 1405 3466 sementis

293 3489 395 3553 irrigua
422 3489 536 3540 siccavit
559 3489 676 3554 Egytiis,
704 3489 749 3554 qni
776 3488 897 3539 confudit
925 3496 1068 3556 operantes
1096 3490 1211 3540 aericum
1240 3495 1268 3539 et
1297 3490 1405 3546 bissum,

170 3576 208 3620 a„
218 3577 252 3629 19,
261 3577 282 3620 9.
293 3560 441 3626 plectentes
462 3567 488 3612 et
507 3568 628 3614 texentes
647 3561 765 3613 subtilia.
802 3561 862 3612 Tali
882 3561 950 3613 duce
971 3563 1108 3614 christiani
1133 3562 1232 3613 milites
1251 3563 1404 3612 Damiatam

292 3636 416 3702 ingressi,
441 3635 545 3702 plateas
566 3636 623 3686 eius
642 3637 800 3685 invenerunt
818 3641 915 3686 stratas
936 3636 1112 3687 cadaveribus
1138 3643 1300 3686 mortuorum
1325 3636 1403 3702 pesh'·

292 3707 376 3758 lentie
396 3715 423 3760 et
440 3709 511 3759 fame
531 3709 723 3772 deficientium,
742 3724 834 3759 aurum
854 3716 882 3760 et
900 3717 1039 3775 argentum
1059 3709 1170 3761 multum
1189 3710 1278 3770 nimis,
1303 3725 1405 3775 pannos

292 3782 391 3833 sericos
422 3783 623 3848 negociatorem
654 3785 683 3832 in
712 3782 905 3844 habundantia,
933 3789 1043 3835 vestes⁰
1072 3783 1208 3850 preciosas
1234 3789 1261 3833 et
1285 3789 1403 3834 ornatum

278 3855 394 3906 vsaeculi
413 3871 474 3906 cnm
492 3857 567 3906 varia
585 3854 780 3923 suppellectile,
799 3857 908 3923 insuper
920 3857 1130 3908 habundantiam
1149 3857 1300 3923 specierum
1319 3855 1403 3907 diver·

291 4034 315 4087 a)
329 4037 378 4085 Qne
394 4039 458 4088 pacis
474 4039 656 4089 composicio...
672 4039 821 4080 'theutonicis
837 4040 913 4080 minna
928 4040 1024 4090 provisu
1043 4045 1066 4082 et
1086 4042 1111 4082 in
1127 4045 1245 4090 posterum
1260 4049 1309 4079 non
1324 4047 1403 4080 caven·

290 4097 352 4136 tibus
367 4098 489 4138 admodum
504 4099 579 4148 primo
600 4103 666 4147 grata
681 4097 732 4140 init.
748 4099 774 4140 L.
843 4097 868 4150 h)
884 4099 977 4140 fuerant
991 4111 1009 4142 a.
1085 4099 1106 4151 o)
1122 4101 1162 4140 nbi
1177 4112 1195 4142 o.
1211 4097 1270 4150 (teuit
1285 4081 1301 4140 d
1312 4110 1357 4149 pro
1370 4081 1400 4154 b).

291 4153 317 4197 dl
332 4165 417 4204 magna
432 4158 580 4198 multitudine
594 4169 637 4201 rac.
652 4169 719 4198 meaa
739 4169 796 4199 corr.
812 4168 920 4207 magnam
935 4159 1105 4200 multitudinem
1121 4171 1138 4198 c.
1192 4157 1214 4210 e)
1231 4159 1304 4199 liceas
1319 4159 1400 4202 edm.

290 4211 394 4264 ilPetro
409 4215 450 4265 L.;
465 4216 560 4266 Pelagio
576 4218 602 4258 θ.
619 4240 646 4249 -
661 4217 745 4261 Albon.
760 4228 778 4258 c.
824 4215 847 4269 g)
864 4228 925 4258 anno
946 4220 1020 4267 gratie
1043 4220 1108 4261 1219.
1124 4219 1174 4260 add.
1190 4219 1216 4260 L.
1264 4217 1288 4270 h)
1304 4217 1370 4258 Freb'
1384 4231 1401 4260 a.

290 4269 308 4322 i)
324 4272 375 4322 lpse
390 4275 489 4322 capitia
504 4288 549 4318 roe.
566 4288 583 4316 c.
664 4275 688 4327 k)
704 4287 736 4319 m.
750 4275 778 4317 N.
793 4287 899 4327 repertor.
915 4289 933 4319 c.
1013 4276 1031 4328 l)
1048 4277 1194 4319 consternata
1209 4278 1235 4317 L.
1314 4277 1347 4330 m)
1362 4278 1401 4320 Oe·

290 4335 430 4372 sternentem
446 4333 472 4372 L.
539 4334 564 4387 n)
580 4335 698 4378 Amatrico
712 4347 743 4387 o.;
758 4335 883 4376 amaurico
899 4337 938 4388 a.,·
954 4337 1071 4378 almarico
1086 4338 1113 4378 L.
1178 4335 1201 4389 o)
1217 4341 1294 4378 vestes
1310 4356 1337 4367 -
1353 4349 1402 4389 anp-
1463 4331 1464 4348 ³

289 4391 408 4442 pellectlle
424 4392 466 4432 dae.
484 4392 509 4432 G.
