2944 5002
196 404 246 455 EX
265 405 357 456 HIST.
377 405 659 457 EXPEDITIONUM
677 406 718 456 IN
736 407 884 458 TERRAM
904 407 1079 461 SANOTAM.
1148 410 1201 460 343

82 571 211 658 sibique
234 574 445 638 communiter
474 572 660 638 diviserunt.
705 573 845 654 Quidam
871 584 978 640 tamen
1000 598 1111 641 eorum
1132 575 1278 662 pul-121⁷.

82 656 245 721 critudine
267 657 313 721 rei
334 666 425 742 rapte
447 657 609 740 seductus,
639 657 819 724 obedientie
841 661 911 724 iure
932 670 1109 726 temerarea
1130 684 1200 747 pre-

81 741 237 826 sumpsit3
259 741 314 828 qui
329 741 405 805 dum
419 741 528 806 cibum
551 764 664 828 capere
680 742 853 827 debuisset,
877 745 919 809 ad
933 746 1069 831 primam
1092 748 1200 811 statim

82 823 245 890 bucellam
266 848 348 911 pene
372 825 556 910 suffocatus,
579 824 759 914 periculum
781 850 840 912 per
855 829 1085 894 confessionem
1106 830 1200 895 mise-

81 919 174 974 rente
189 909 261 973 Deo
284 912 394 992 evasit,
416 920 447 975 et
468 921 541 995 post
561 910 620 975 hec
643 910 768 976 sublata
789 911 925 978 fideliter
945 914 1091 978 restituit.
1123 915 1202 979 Post

79 994 200 1058 festum
224 993 376 1059 Omnium
397 1006 578 1060 sanctorum
600 996 766 1059 universus
789 999 949 1061 exercitus
972 999 1200 1080 cristianorum,
1209 1022 1300 1062 aar.

80 1099 157 1142 cum
179 1077 394 1144 reddidissent
415 1090 557 1144 castrum
579 1078 730 1144 fratribus
753 1080 793 1145 de
819 1080 945 1163 Gladio,
973 1104 1120 1146 reversus
1151 1092 1202 1148 est

81 1161 305 1244 Ulixibonam,
321 1163 376 1227 ubi
398 1162 569 1228 torcularia
584 1162 677 1228 bonis
694 1165 864 1230 omnibusb
880 1165 1101 1232 redundabant
1110 1179 1132 1233 ⁰.
1155 1165 1200 1232 Et

79 1268 159 1312 ecce
181 1246 371 1311 miraculum
393 1271 520 1334 semper
533 1247 781 1313 advertendum!
806 1249 939 1335 Singule
954 1251 1036 1315 enim
1053 1251 1199 1336 regiones

81 1340 116 1395 et
136 1330 209 1396 loca
238 1332 362 1417 copiam
391 1333 568 1418 peregrinis
596 1332 772 1418 prebebant
801 1336 953 1415 omnium,
987 1334 1044 1399 sed
1071 1336 1105 1398 in
1132 1334 1199 1400 sola

79 1414 257 1480 eorundem
284 1417 389 1502 patria
416 1427 489 1504 post
517 1439 609 1480 suurn
638 1416 814 1481 discessum
843 1420 979 1505 penuria
1009 1428 1057 1484 est
1090 1419 1199 1484 subse·

81 1510 168 1564 outa.
221 1499 410 1585 Specialiter
442 1511 548 1566 autern
580 1501 670 1565 Deus
703 1500 826 1568 clericis
854 1503 1005 1588 providit.
1053 1503 1137 1567 Nam
1166 1504 1200 1568 in

78 1583 262 1648 Ulixibona
284 1583 467 1670 theologum
489 1585 755 1650 litteratissimum
775 1587 971 1671 invenimus,
1000 1589 1055 1674 qui
1083 1587 1199 1653 relictis

78 1667 305 1754 temporalium
328 1671 411 1733 curis
433 1669 492 1734 soli
514 1669 775 1756 contemplationi
804 1671 975 1736 studiosius
1005 1672 1199 1753 intendebat,

78 1775 140 1840 per
172 1754 262 1817 cuius
295 1753 472 1817 doctrinam
504 1755 539 1818 in
567 1754 734 1820 dulcedine
767 1778 857 1820 sacre
886 1759 1004 1842 pagine
1032 1755 1200 1821 refocillati

78 1859 205 1901 sumus.

130 1996 163 2058 4.
199 1995 257 2059 De
280 1995 627 2082 expedicionibus
649 1997 689 2060 in
711 1996 833 2062 Terra
855 1997 1003 2062 Sancta
1023 1997 1156 2063 factis.

168 2114 269 2180 Oum¹
307 2117 414 2203 itaque
447 2140 467 2180 a
490 2117 534 2181 ud
565 2115 774 2182 Ulixibonam
809 2140 869 2204 per
904 2117 1016 2184 hiemis
1053 2119 1199 2206 spacium

77 2199 292 2286 quiescerent,
328 2139 512 2286 patriarcis
539 2200 833 2266 iherosolimitanus
866 2225 937 2266 cum
976 2205 1200 2290 copiosissima

77 2283 285 2349 multitudine
307 2286 559 2435 peregrinorum,
581 2287 636 2371 qui
657 2309 715 2372 per
736 2297 836 2351 terras
857 2298 1020 2371 venerant,
1043 2289 1076 2350 in
1099 2300 1199 2354 trans-

77 2369 215 2432 marinis
228 2371 311 2455 parti
334 2392 372 2434 us
394 2369 558 2455 vigilabat.
601 2371 696 2434 Feria
717 2393 855 2456 namque
878 2380 969 2436 sexta
989 2384 1062 2458 post
1082 2373 1199 2437 festum
1209 2387 1296 2434 uas.

77 2451 238 2518 Omnium
254 2464 434 2518 sanctorum
456 2455 542 2518 idem
563 2454 746 2540 patriarcha
768 2479 842 2520 cum
862 2454 950 2540 ligno
974 2458 1077 2521 crucis
1099 2457 1200 2522 dorni·

79 2538 157 2602 nice
189 2546 316 2602 secutus
351 2549 399 2603 est
427 2539 621 2620 exercitum,
676 2541 709 2604 ui
741 2549 939 2625 precesserat
968 2541 1199 2606 Recordanam.

80 2621 158 2686 Hoc
179 2633 286 2687 autem
307 2621 429 2709 lignum
452 2623 545 2688 dulce
567 2632 641 2708 post
655 2561 761 2689 (l'erre
777 2624 894 2690 Sancte
916 2626 1120 2690 amissionem
1141 2647 1200 2712 per

79 2720 197 2769 manus
221 2707 441 2772 cristianorum
464 2716 512 2771 est
531 2718 702 2791 servatum,
719 2709 773 2773 sed
790 2711 974 2775 imminente
989 2710 1072 2775 bello
1088 2721 1199 2775 contra

79 2789 279 2855 Sarracenos
302 2813 378 2855 sano
401 2791 533 2856 consilio
566 2791 704 2857 divisum
734 2803 781 2858 est
808 2793 848 2858 ob
878 2793 961 2858 hanc
991 2815 1130 2877 causam,
1163 2803 1200 2858 ut

78 2897 159 2959 pars
181 2896 244 2938 una
265 2875 441 2941 deferretur
462 2876 503 2940 ad
525 2875 672 2962 prelium,
702 2876 759 2940 ubi
786 2887 917 2964 propter
938 2879 1103 2943 hominum
1125 2901 1199 2964 pec·

79 2957 157 3022 eata
177 2959 304 3046 perdita
325 2970 381 3024 est.
424 2958 561 3046 Reliqua
580 2983 657 3026 vero
684 2983 883 3048 parcusque
910 2963 951 3026 ad
973 2963 1032 3026 hec
1054 2973 1200 3049 tempora

78 3043 268 3128 diligentius
296 3054 345 3108 est
372 3045 546 3127 custodita3
577 3046 628 3109 cui
657 3068 716 3110 rex
742 3045 885 3131 Ungarie
914 3055 945 3109 et
974 3045 1042 3110 dux
1069 3045 1199 3111 Austrie

79 3127 179 3191 nudis
211 3128 348 3214 pedibus
385 3139 596 3212 occurrentes,
634 3128 768 3194 osculati
804 3138 887 3212 sunt,
924 3130 1051 3194 obviam
1087 3139 1199 3196 euntes

80 3210 217 3276 soldano
246 3211 435 3298 Babylonis,
469 3214 558 3277 cuius
591 3212 675 3278 filius
704 3213 882 3278 Ooradinus
915 3223 1132 3299 pugnaturum
1165 3237 1199 3279 se

79 3307 195 3361 contra
231 3298 396 3362 cristianos
432 3300 618 3363 iactaverat.
669 3297 841 3362 Venientes
876 3298 985 3384 itaque
1021 3298 1122 3362 nostri
1157 3298 1200 3362 ad

81 3381 188 3445 fontes
203 3379 361 3463 Tubanie,
382 3383 547 3468 premissis
563 3380 819 3467 exploratoribus
834 3382 927 3466 signa
941 3381 1067 3446 hostilia
1083 3403 1200 3467 cogno-

80 3475 198 3530 verunt
206 3467 230 3527 ἃ.
277 3467 432 3552 Sequenti
453 3489 529 3530 vero
553 3466 604 3530 die
626 3488 726 3565 prope
746 3475 870 3530 montes
887 3465 1002 3532 Gilboe
1023 3467 1198 3548 venientes,

82 3550 296 3615 Bethsanam⁰
317 3559 550 3634 processerunt,
579 3552 636 3616 ub1
658 3561 762 3616 castra
787 3551 904 3615 fixerat
925 3550 1138 3632 adversarius,
1167 3560 1200 3616 et

80 3632 136 3698 ille
167 3635 263 3697 trium
295 3657 407 3720 regum
466 3637 644 3699 reseneiam
676 3634 818 3721 fugiens,
855 3646 971 3700 terram
1008 3634 1198 3700 vastandam

81 3717 213 3804 reliquit
240 3719 406 3782 cristianis.
442 3657 543 3784 llnde
565 3719 629 3782 Dei
656 3718 794 3807 populus
813 3719 992 3801 Iordanem,
1021 3721 1078 3805 qui
1098 3740 1198 3804 prope

83 3815 141 3883 est,
175 3803 332 3867 transiens
364 3804 398 3866 in
428 3803 538 3889 vigilia
563 3803 703 3886 Martini,
737 3805 769 3868 in
798 3804 868 3889 ipso
903 3803 1036 3890 pacifice
1063 3824 1199 3902 corpora
1209 3816 1264 3861 Nor.
1274 3819 1311 3859 1⁰·
1361 3873 1362 3882 ,

80 3887 171 3952 lavit.
210 3887 338 3952 Deinde
354 3909 447 3952 secus
469 3911 556 3952 mare
572 3887 705 3974 Galylee
722 3887 922 3974 peragrando
942 3886 1013 3952 loca
1033 3887 1198 3973 inquibus

82 4037 108 4091 a)
123 4039 246 4080 temerarie
261 4048 279 4078 c.
376 4035 400 4088 b)
417 4038 496 4078 omnia
510 4049 551 4076 aar.
566 4038 603 4077 sat
616 4050 666 4078 moa
680 4050 737 4081 corr.
754 4039 861 4078 omnibus
876 4049 894 4079 o,
985 4034 1006 4088 e)
1022 4037 1167 4077 redundabat
1181 4048 1199 4079 e.

83 4096 108 4150 d)
124 4093 278 4146 cognoucrutt
291 4108 309 4138 a
368 4096 391 4150 e)
407 4097 461 4146 tayo:
473 4097 630 4140 Bethsaidam.

84 4213 114 4283 l)
138 4216 216 4267 Haec
241 4214 354 4267 macine
383 4232 442 4266 cam
468 4213 567 4268 otiam·
591 4216 718 4267 relatione
744 4223 825 4268 anteo
847 4213 921 4266 edita
948 4212 1122 4278 conveniant,
1151 4213 1198 4264 aed

80 4290 215 4340 mnnallc
234 4288 347 4354 addunt,
367 4289 423 4341 clio
442 4290 519 4340 aliter
538 4288 697 4354 reprimant,
715 4305 912 4354 nonnumquam
932 4287 969 4338 ad
983 4287 1099 4338 eiusdem
1119 4285 1197 4338 bisto-

82 4363 153 4414 riam
170 4371 263 4428 postea
282 4363 380 4414 editam
400 4363 525 4426 (Eooard,
546 4362 622 4428 dorp.
643 4363 702 4414 bist.
722 4363 746 4427 I,
765 4381 796 4428 p.
818 4363 910 4426 1397.)
931 4361 1066 4414 accedant.
1109 4359 1198 4411 Tertia

82 4437 200 4488 &nedem
219 4436 354 4502 conditoris
372 4435 494 4488 narratio
514 4435 634 4488 adbibita
653 4453 707 4489 esse
725 4435 840 4490 videtin.
