2924 5006
301 387 352 437 148
428 384 615 437 CHRONIOA
634 383 747 435 anull
768 378 1022 435 COLONIENSIS.
1042 381 1147 434 OONT.
1167 384 1198 436 Α.
1221 383 1300 436 1190.

705 556 868 610 Becerrsio
888 556 912 609 Ι.
934 565 959 609 et
977 557 1019 608 11.

300 647 420 712 crebris
434 645 697 712 inundationibus
712 642 825 729 plenus
841 642 910 707 fuit.
992 642 1032 707 In
1048 642 1232 729 Septembri
1247 643 1420 730 Philippus

299 753 407 796 comes
420 729 590 795 Flandriae
613 751 687 792 oum
709 730 854 792 inmenso
876 735 1035 823 apparatu
1058 738 1089 792 et
1105 727 1232 792 diviciis
1254 730 1367 794 ineom
1392 750 1421 791 a·
1450 757 1451 760 ¹

299 814 454 880 rabilibus
476 817 537 879 iter
557 814 598 877 ad
620 811 825 910 sepulchrum
841 811 973 874 Domini
990 811 1134 896 arripuit.
1221 752 1421 878 Godefridus
1451 823 1452 828 ’

299 899 367 964 dux
390 898 584 964 Brabantiae
606 896 715 962 obiit*.
800 893 838 957 In
859 915 969 959 mense
990 893 1167 959 Novembri
1188 919 1247 960 rex
1274 898 1308 960 in
1330 897 1423 982 Apu-

299 982 377 1047 liam
409 982 639 1068 proficiscitur,
676 978 733 1043 sed
769 978 879 1042 audita
914 988 1016 1043 morte
1053 980 1154 1064 patris
1184 989 1216 1044 et
1251 980 1422 1045 Ludewici

298 1067 478 1153 lantgravii,
501 1065 726 1130 Coloniensem
755 1061 1034 1149 archiepiscopum
1062 1066 1260 1148 premittens
1294 1066 1423 1151 ipsein

300 1151 534 1236 Thuringiam²
569 1148 800 1234 proficiscitur,
848 1168 919 1210 eam
958 1146 1020 1211 sibi
1056 1145 1203 1212 subicere
1238 1158 1421 1235 temptans,

300 1245 413 1321 postea
440 1235 567 1299 tamenb
594 1232 685 1297 fratri
711 1231 814 1316 ipsius
844 1232 951 1294 omnia
977 1232 1174 1315 permittens,
1203 1233 1236 1295 in
1264 1233 1422 1319 Apuliam

300 1318 414 1384 tendit.
499 1318 706 1401 Signatorum
743 1315 893 1400 plurimi⁰
926 1314 966 1378 de
1002 1317 1170 1380 maritimis
1203 1327 1421 1383 revertuntur.

300 1401 469 1487 Philippus
490 1424 549 1466 rex
570 1400 727 1464 Franciae
756 1408 787 1463 et
808 1398 988 1462 Richardus
1009 1422 1068 1464 rex
1090 1399 1228 1485 Angliae
1256 1423 1331 1465 cum
1356 1403 1422 1466 suis

301 1485 496 1552 exercitibus
533 1486 567 1548 in
600 1483 841 1570 expeditionem
873 1484 964 1548 acoin
1012 1491 1086 1547 ntur
1122 1494 1153 1548 et
1184 1485 1219 1547 in
1250 1486 1424 1550 maritimis

299 1568 462 1635 hiemandi
482 1569 586 1654 gratia
607 1568 822 1633 demorantur.
919 1565 971 1632 Go
995 1566 1115 1631 efridus
1139 1567 1424 1654 Wirceburgensis

301 1656 410 1742 episco
435 1677 472 1717 us
495 1653 584 1717 obiit.

417 1738 531 1802 iclens‘¹
559 1759 617 1802 rex
639 1734 785 1816 (insciae,
819 1744 974 1820 quantum
1004 1735 1037 1798 in
1062 1743 1147 1799 terra
1176 1746 1207 1800 et
1232 1736 1423 1802 hominibus

301 1823 528 1888 detrimentum
554 1843 615 1906 per
645 1820 871 1904 imperatorem
903 1828 935 1882 et
967 1820 1099 1884 comites
1135 1820 1203 1884 eius
1237 1823 1423 1902 sustineret,

300 1905 410 1970 multis
432 1907 539 1971 missis
560 1904 685 1967 nunciis
706 1903 764 1967 vix
789 1901 919 1967 tandem
942 1925 1057 1988 pacem
1086 1904 1127 1968 ab
1156 1925 1194 1968 eo
1223 1905 1424 1990 impetravit,

301 1989 358 2055 tali
385 1989 627 2076 compositione,
663 1997 700 2051 ut
729 1985 852 2051 lectos
881 1987 950 2051 eius
980 1985 1155 2052 honorifice
1187 1991 1366 2054 remitteret
1394 1998 1426 2054 et

301 2075 431 2159 navigia
451 2073 495 2138 ad
516 2072 744 2138 transeundum
760 2009 934 2135 brachium
953 2072 1054 2135 sancti
1076 2069 1211 2157 Georgii
1225 2073 1424 2158 provideret.

300 2158 472 2243 Huiusque
487 2158 534 2221 rei
550 2153 678 2220 obsides
694 2157 755 2220 24¹
781 2178 822 2220 ex
844 2155 974 2240 optimis
991 2165 1094 2220 terrae
1116 2177 1190 2219 cum
1206 2156 1299 2220 donis
1321 2159 1424 2243 regiis

301 2243 333 2305 ei
365 2241 550 2305 transmisit.
635 2238 815 2323 Imperator
849 2249 957 2304 autem
994 2241 1219 2325 compositioni
1251 2263 1423 2306 assensum

302 2325 379 2389 dare
401 2323 513 2406 noluit,
548 2323 612 2386 nisi
634 2332 667 2386 et
688 2324 797 2386 nuncii
825 2321 949 2386 soldani
979 2345 1053 2387 cum
1081 2325 1147 2388 suis
1174 2325 1422 2390 dimitterentur.

302 2409 401 2490 Quod
422 2418 454 2472 et
473 2407 594 2471 factum
616 2417 674 2471 est.
728 2405 812 2471 Cum
832 2407 930 2492 igitur
957 2407 1113 2473 custodiis
1139 2406 1335 2492 laxarentur,
1368 2409 1424 2474 da-

302 2503 354 2557 tae
387 2502 462 2557 sunt
494 2493 539 2555 eis
574 2490 680 2554 claves
716 2490 860 2554 omnium
895 2491 1128 2573 custodiarum,
1162 2493 1423 2579 permissumque

302 2586 370 2640 est⁰
393 2573 541 2640 omnibus
564 2575 744 2640 christianis
765 2572 865 2640 libere
887 2576 986 2640 exire.
1036 2574 1246 2640 Venientibus
1275 2598 1351 2661 ergo
1378 2579 1423 2642 eis

303 2661 406 2724 omnis
422 2661 580 2724 exercitus
599 2656 689 2724 velut
711 2658 751 2723 de
772 2659 1021 2723 resurrectiones
1034 2681 1111 2724 acce
1136 2661 1177 2723 tis
1193 2681 1319 2725 summo
1342 2683 1423 2746 gau-

302 2742 357 2807 dio
395 2745 524 2808 obviam
559 2743 727 2841 processit·
779 2741 863 2807 Cum
895 2753 1002 2807 autem
1034 2743 1077 2808 ad
1111 2682 1284 2808 Brachium
1318 2745 1423 2810 saneti

304 2825 438 2912 Georgii
470 2828 660 2891 tranuturis
681 2823 890 2911 applicarent,
923 2849 983 2891 rex
1005 2825 1141 2892 Greciae
1163 2829 1226 2892 300
1252 2827 1423 2912 galeidas1¹

175 2930 401 2995 naa.ra.supra
421 2911 615 2997 promissum
638 2911 683 2975 eis
705 2909 863 2974 exhibuit.
905 2911 946 2974 In
962 2932 1042 2975 cena
1057 2911 1189 2975 Domini
1212 2922 1244 2977 et
1264 2935 1324 2998 per
1346 2933 1424 2976 con-

301 2995 407 3060 tinuos
431 2998 448 3060 7
471 2995 539 3059 dies
569 2993 636 3057 dux
659 2992 796 3058 Sueviae
821 3015 895 3058 cum
924 2996 1011 3058 omni
1038 2994 1241 3061 multitudine
1263 2997 1423 3061 transivit.

176 3099 243 3140 naa.
256 3097 290 3138 as.
301 3077 426 3145 Octavo
450 3078 580 3144 demum
607 3077 659 3143 die
679 3079 854 3163 imperator
881 3080 1074 3143 transiturus
1104 3079 1280 3165 procedere
1307 3079 1423 3163 noluit,

299 3165 361 3228 nisi
375 3166 464 3250 prius
480 3185 590 3228 omnes
606 3184 763 3248 pauperes
785 3163 971 3247 peregrinos
986 3172 1183 3228 transvectos
1200 3165 1422 3249 cognovisset,

299 3257 332 3313 et
352 3248 482 3315 tandem
503 3249 574 3334 ipse
596 3249 629 3311 in
651 3247 726 3310 navi
746 3246 835 3310 reuia
850 3256 1059 3328 transmeans,
1081 3269 1155 3312 cum
1170 3247 1213 3311 ad
1226 3270 1303 3312 suos
1318 3259 1423 3314 trans-

324 3334 423 3397 ositus
445 3341 538 3409 esset,
561 3333 691 3418 gavisus
706 3332 740 3394 in
755 3299 883 3395 Christo
906 3339 938 3394 et
953 3332 1136 3395 confortans
1158 3334 1338 3398 exercitum
1361 3335 1421 3399 ait:

298 3424 307 3456 ‘
338 3426 448 3497 ratres,
486 3416 711 3481 confortamini
743 3425 775 3478 et
807 3414 968 3495 confidite,
1006 3417 1109 3480 omnis
1135 3424 1220 3481 terra
1252 3417 1287 3480 in
1321 3439 1422 3482 manu

298 3509 408 3564 nostra
429 3502 502 3565 estl'
545 3499 711 3564 Hactenus
734 3497 890 3562 vehiculis
912 3500 1092 3563 necessaria
1113 3501 1347 3585 deportabant,
1378 3524 1421 3566 ex

298 3584 361 3648 hoo
381 3585 461 3647 iami
484 3585 663 3648 summariis
683 3583 733 3647 usi
750 3592 832 3646 sunt.
876 3581 1025 3648 Transito
1040 3605 1179 3669 namque
1195 3585 1286 3667 mari,
1309 3585 1421 3651 statim

299 3668 335 3730 in
356 3677 506 3731 montana
527 3676 685 3731 venerunt
705 3675 802 3752 atque
824 3667 857 3729 in
879 3687 997 3764 magna
1017 3666 1121 3731 victus
1167 3669 1278 3732 enuria
1300 3668 1421 3733 Roma-

299 3752 388 3814 niam
409 3752 611 3814 transierunt.
645 3750 793 3836 Cumque
809 3761 1105 3850 appropinquarent
1116 3689 1424 3838 Philadelphiackffl,

299 3836 450 3920 princeps
479 3835 618 3898 civitatis
650 3835 750 3919 peciit
781 3832 821 3898 ab
854 3845 1060 3919 1mperat01e,
1097 3859 1137 3900 ne
1169 3857 1242 3900 cum
1275 3839 1422 3904 exercitu

388 3997 417 4062 *)
437 4000 480 4048 cui
499 3996 570 4048 filius
590 3999 647 4049 eius
666 3998 811 4047 Heinricus
830 3996 954 4047 succedit
973 3996 1037 4047 add.
1061 3996 1113 4050 02.

302 4112 326 4164 a)
344 4114 474 4164 Thuringia
490 4118 533 4156 01.
617 4114 640 4166 b)
655 4116 711 4154 deest
727 4117 770 4157 01.
860 4111 881 4162 c)
897 4114 1000 4163 plurima
1016 4116 1062 4156 01.
1138 4113 1162 4166 d)
1178 4115 1265 4157 Videris
1282 4139 1307 4148 -
1326 4121 1421 4162 a.1191

302 4171 473 4226 (infrap.152)
490 4175 532 4216 des.
548 4174 662 4224 rasorio
677 4173 821 4223 inteprojara
835 4183 903 4212 uacuo
918 4173 999 4214 relicto.
1032 4174 1117 4224 ejdem
1134 4175 1179 4214 Bt.
1212 4171 1230 4224 1)
1247 4181 1357 4218 resurect.
1374 4179 1422 4218 Β1.

301 4229 325 4282 g)
342 4232 443 4271 transslt.
459 4233 506 4273 131.
580 4232 603 4283 h)
618 4234 709 4283 gelidas
726 4235 766 4274 01.
785 4235 806 4274 2,
880 4231 897 4281 1)
914 4233 957 4272 hoc
973 4233 1113 4274 animalibus
1134 4234 1264 4273 summariis
1285 4233 1356 4285 (libus
1372 4247 1423 4277 sum

300 4301 312 4329 c
327 4288 395 4340 corr)
413 4291 454 4331 01.
515 4289 539 4340 k)
556 4293 730 4344 Phyladelphye
746 4293 799 4339 Β1;
814 4291 1037 4341 Phyladelpmeor.

303 4385 331 4452 1)
352 4385 395 4436 18.
416 4384 569 4440 dacbertus.
645 4387 675 4442 2)
694 4388 783 4439 Hodie
802 4371 957 4438 Alaachehr.
