2934 4998
159 404 347 458 cflssorucs
366 407 479 459 REGIA
497 407 749 460 COLONIENSIS.
771 406 873 461 CONT.
884 409 917 460 V.
936 408 969 460 A.
983 408 1061 459 1248.
1137 408 1191 460 295

68 572 209 638 navibus
230 575 296 639 suis
318 584 509 662 tempestate
527 575 725 660 periclitatis,
748 597 844 639 sanus
865 576 934 662 ipse
949 576 1111 662 pervenit3
1133 574 1191 640 ubi

69 679 106 722 se
129 680 203 722 cum
226 659 292 722 suis
314 681 462 724 recreans
484 659 659 745 hyemavit.
1007 722 1012 732 ,

156 741 282 808 Interea
313 744 503 808 Parmenses
536 742 632 828 longa
663 743 830 809 obsidione
851 742 1009 808 Friderioi
1031 742 1071 808 de
1097 744 1190 808 ositi¹

68 827 272 911 imperatoris
301 826 435 913 fatigati,
456 828 544 891 viam
563 828 666 892 eidem
686 826 823 891 nocendi
848 825 1044 892 callidiorem
1066 767 1190 892 dudum

67 909 200 974 fuerant
220 913 434 976 commentati.
480 911 646 998 Siquidem
669 911 800 1010 quidam
829 933 871 975 ex
897 913 976 998 ipsis
999 909 1190 997 spectabiles

68 993 112 1058 de
134 995 252 1058 Parma
273 994 382 1061 dolose
404 996 566 1060 civitatem
594 996 709 1083 quasib
739 995 902 1080 transfuga
930 997 1122 1078 deserentes,
1155 1017 1190 1060 se

68 1087 104 1142 et
132 1099 190 1142 sua
215 1079 382 1144 Friderico
413 1078 566 1145 dedentes
593 1089 626 1144 et
654 1083 688 1143 in
716 1080 785 1143 eius
812 1080 950 1165 gratiam
971 1081 1103 1166 recepti,
1127 1078 1188 1144 sub

68 1171 223 1248 pretextu
236 1163 313 1228 fidei
330 1164 506 1249 probande,
529 1163 586 1230 sed
599 1186 714 1228 revera
735 1165 910 1228 intentione
932 1175 1083 1250 corrupta
1104 1185 1189 1227 com-

67 1247 172 1311 menti
194 1248 390 1332 perficiendi,
418 1269 498 1312 voce
520 1269 663 1312 amorem
685 1246 920 1347 pretendentes,
950 1248 1008 1312 sed
1036 1249 1070 1312 in
1092 1246 1189 1312 corde

69 1331 184 1394 odium
205 1330 354 1412 celantes,
384 1333 418 1395 in
439 1333 553 1396 castris
574 1333 742 1412 Friderrci,
768 1330 939 1397 videlicet⁰
962 1333 1099 1398 civitatis
1114 1332 1190 1396 Vic-

68 1415 163 1496 torie,
197 1436 271 1479 cum
298 1414 430 1503 reliquis
460 1415 681 1481 obsidentibus
701 1416 852 1480 Parmam
885 1417 1074 1503 impugnare
1101 1415 1190 1480 vide·

68 1497 198 1564 bantur.
241 1499 332 1564 Idem
353 1508 460 1565 autem
481 1501 664 1565 Fridericus
686 1521 759 1564 cum
783 1501 965 1585 quingentis
987 1501 1117 1565 armatis
1138 1498 1190 1565 vel

70 1581 145 1668 plus
168 1581 290 1650 solebat
317 1583 357 1648 de
380 1585 492 1650 castris
519 1584 702 1670 frequenter
730 1583 904 1670 procedere
935 1584 977 1648 ad
1003 1583 1188 1649 venandum

71 1675 104 1730 et
125 1668 352 1753 aucupandum
374 1691 472 1754 super
491 1671 598 1733 rivum
612 1669 760 1732 aParma
782 1669 952 1732 distantem
975 1670 1102 1733 circiter
1122 1677 1187 1733 tres

69 1748 190 1820 leucas,
233 1752 347 1838 Itaque
369 1752 506 1837 predicti
527 1753 700 1851 transfugo,
723 1751 993 1838 quemadmodum
1015 1775 1090 1816 cum
1110 1752 1189 1816 Par-

70 1835 237 1900 mensibus
260 1837 300 1901 de
322 1837 491 1902 traditione
506 1836 662 1900 Fridericl
683 1836 857 1900 machinati
878 1836 1013 1918 fuerant,
1038 1858 1112 1900 cum
1136 1834 1188 1900 die

69 1918 196 1983 adhoc
223 1929 341 1985 statuta
363 1921 565 1985 Friderioum
598 1919 640 1984 ad
669 1921 874 1985 venationem
907 1942 1116 2006 progressum
1145 1920 1187 1984 ab

69 2002 330 2086 insidiatoribus,
365 2006 421 2092 qui
455 2004 640 2068 huiusmodi
672 2004 851 2069 traditionis
883 2005 1077 2091 participes‘¹
1109 2004 1189 2090 ipsis

70 2087 338 2174 cooperabantur,
367 2088 552 2153 crederent⁸
581 2110 650 2152 esse
672 2088 876 2166 conclusum,
900 2099 1031 2173 repente
1052 2088 1189 2153 tentoria

69 2193 130 2236 sua
152 2172 359 2237 succendunt.
403 2173 476 2253 Quo
499 2174 590 2256 signo
613 2172 802 2236 Parmenses
831 2173 1004 2257 insegniter
1026 2173 1065 2238 do
1087 2173 1188 2258 portis

93 2266 333 2342 rorumpentes,
369 2255 463 2320 dictis
499 2258 672 2341 transfugis
709 2255 771 2320 sibi
805 2254 1049 2339 auxiliantibus,
1085 2263 1190 2321 castra

66 2279 229 2404 l'riderici
255 2341 423 2423 invadunt,
456 2363 554 2440 super
580 2341 725 2404 incautos
753 2341 887 2420 irruunt,
920 2339 990 2404 aliis
1012 2340 1189 2423 trucidatis,

69 2421 144 2486 aliis
166 2425 277 2510 captis,
300 2424 416 2509 predas
431 2434 569 2511 rapiunt,
593 2424 723 2488 domosf
744 2422 953 2504 succendunt,
976 2427 1085 2512 sicque
1101 2425 1190 2488 dese·

69 2509 206 2590 vientes,
233 2508 276 2572 ad
305 2510 476 2573 tentorium
499 2509 665 2590 Frideriei,
694 2507 839 2574 scilicet&
867 2507 1043 2593 presidium
1065 2508 1111 2572 ibi
1133 2525 1191 2573 ex-

69 2599 240 2675 structum,
263 2592 452 2679 procedunt.
496 2593 616 2657 Verum
640 2592 827 2657 custodibus
849 2593 987 2678 predicti
1001 2592 1132 2679 presidii
1155 2615 1189 2658 se

70 2673 207 2741 viriliter
235 2675 491 2753 defendentibus
513 2677 703 2741 Parmenses
731 2675 968 2762 prevaluerunt,
1002 2688 1034 2743 et
1061 2677 1190 2742 effracta

70 2761 259 2842 munitione,
282 2782 441 2826 cameram
453 2761 610 2828 Friderioi
626 2762 766 2846 capiunt,
789 2761 919 2825 invento
934 2761 967 2824 in
983 2783 1021 2826 ea
1036 2771 1068 2826 et
1082 2761 1188 2826 ablato

70 2844 223 2908 thesauro
244 2844 286 2908 ad
331 2845 520 2930 uadraginta
541 2844 630 2908 milia
652 2845 855 2908 marcarumh
878 2845 1035 2910 estimato.
1078 2845 1189 2910 Fride-

70 2931 160 2992 rious
182 2940 289 2994 autern
308 2867 352 2994 de
372 2930 498 2994 insidiis
521 2927 583 2993 sibi
604 2929 638 2992 in
660 2929 713 2992 via
734 2929 847 3014 positis
868 2930 901 2992 in
926 2931 999 3014 ipsa
1019 2929 1189 2995 venatione

71 3013 238 3094 monitusl,
264 3014 305 3078 ad
329 3025 433 3079 castra
454 3012 580 3099 regredi
601 3013 721 3077 statuit.
766 3012 853 3077 Sedl
874 3013 944 3076 viso
967 3014 1091 3078 eminus
1112 3015 1190 3096 igne

70 3095 107 3159 in
127 3094 199 3160 loco
222 3108 408 3180 castrorum,
437 3099 503 3162 suis
527 3120 567 3162 ue
595 3097 748 3162 acastris
769 3096 966 3182 fugientibus
995 3105 1027 3161 et
1048 3095 1126 3160 sibi¹
1156 3097 1191 3160 in

69 3180 126 3244 via
148 3181 400 3263 occurrentibus,
423 3181 463 3247 de
485 3121 600 3246 edecta
638 3181 803 3244 reditionis
823 3179 1014 3244 certificatus
1036 3190 1068 3244 et
1082 3181 1189 3244 animo

71 3274 302 3348 consternatus,
324 3267 357 3329 in
379 3265 429 3330 his
444 3203 641 3352 angustiisb

71 3348 276 3446 properabat.
309 3348 375 3414 Alii
389 3349 549 3432 dicebant,
564 3348 774 3431 Fridericum,
798 3348 926 3433 cognita
948 3370 990 3411 ex
1011 3359 1191 3414 castrorum

70 3431 221 3497 rncendio
243 3434 425 3508 traditione,
458 3433 498 3498 ad
527 3455 681 3498 cameram
709 3431 843 3518 presidii
870 3433 919 3495 sui
946 3431 1094 3496 festinum
1117 3454 1190 3518 pro·

70 3538 214 3601 parasse,
247 3528 279 3583 et
308 3518 484 3604 exportatis
516 3517 727 3603 personaliter
760 3515 952 3604 quibusdam
983 3517 1130 3601 insigniis
1159 3523 1191 3581 et

71 3601 315 3687 pretiosioribus
346 3601 508 3685 clenodiis,
540 3601 651 3686 fugam
676 3623 787 3666 versus
815 3599 1007 3664 Cremonam
1035 3599 1190 3686 pavidum

72 3694 259 3750 maturasse.
305 3685 416 3752 Saluta
438 3695 546 3750 autem
568 3709 626 3772 per
648 3684 734 3750 hunc
761 3684 893 3749 modum
925 3683 1092 3750 obsidione
1113 3684 1190 3748 Par-

643 3276 836 3329 remonamm
853 3261 997 3329 celeriter
1011 3265 1190 3350 attingere¹¹

71 3769 207 3852 mensi0,
233 3770 418 3835 Fridericus
449 3780 663 3851 commotum,
699 3769 741 3833 ad
774 3768 1025 3917 impediendum,
1061 3791 1101 3834 ne
1131 3789 1191 3854 per

71 3873 191 3939 aquam
219 3854 450 3943 [Parmenses‘l]
479 3853 630 3919 victualia
658 3862 791 3940 possent
839 3852 945 3934 abere,
981 3853 1191 3917 munitionem

73 3959 163 4002 suam
186 3946 296 4002 contra
317 3940 484 4004 Parmam¹
506 3960 603 4023 supra
624 3947 755 4022 pontem
784 3936 825 4002 de
846 3958 949 4084 prope
972 3944 1189 4002 constructam

72 4019 289 4108 multiplicatis
313 4020 500 4088 custodibus
521 4023 666 4107 precepit
687 4021 787 4085 artius
809 4029 901 4084 custo
925 4021 972 4084 iri.
1016 4019 1059 4083 Et
1081 4021 1127 4085 sic
1156 4021 1191 4084 in

73 4238 272 4293 s)imp.d.1)2.
332 4241 356 4294 b)
373 4253 442 4292 quam
458 4242 506 4282 Dr.
568 4238 589 4291 c)
606 4240 695 4280 scilicet
710 4240 760 4280 Dr.
821 4236 844 4289 d)
861 4237 1025 4278 traditionibus
1041 4237 1123 4279 affines
1139 4239 1189 4280 Dt.

74 4298 96 4352 s)
112 4301 259 4352 crediderant
274 4303 321 4342 Dr.
360 4301 477 4352 ndomus
493 4301 541 4342 Dr.
586 4297 609 4349 g)
626 4299 651 4338 in
667 4299 714 4339 Dr.
753 4295 777 4350 h)
794 4307 883 4337 marcus
898 4296 947 4338 Dr.
985 4295 1003 4348 i)
1020 4298 1122 4337 munitus
1139 4298 1191 4340 Dl.

73 4358 98 4411 k)
114 4361 170 4401 Viso
186 4361 227 4401 sed
242 4362 293 4401 Dr.
360 4359 379 4412 l)
393 4360 409 4400 t.
419 4361 511 4408 sibique
528 4359 577 4400 Da.
640 4355 668 4408 n)
687 4357 833 4397 (trementem
849 4356 899 4396 Da.
941 4353 985 4406 n)
1002 4357 1123 4405 amurgam
1139 4357 1193 4402 Dii.

71 4417 97 4470 o)
112 4419 222 4460 Parmen.
244 4420 323 4463 Dm.
384 4417 408 4471 p)
424 4419 480 4459 aaut
495 4418 545 4459 Di.
606 4414 630 4468 q)
646 4416 701 4456 dem
716 4417 765 4456 m.
826 4412 847 4466 r)
863 4415 971 4456 Parmeu.
992 4415 1043 4456 Da.
