2924 5006
267 385 321 436 204
369 383 556 437 ΟΗΒΟΝΙΟΔ
574 382 686 435 REGIA
707 379 960 436 COLONIENSIS.
980 377 1083 430 CONT.
1103 378 1156 430 111.
1173 379 1207 430 A.
1220 376 1300 427 1203.

669 554 834 609 Recensio
853 553 877 604 Ι.
897 561 921 606 et
939 551 981 604 11.

269 645 402 724 ditione,
419 644 512 790 {nod
534 643 629 727 apud
653 641 966 726 Constantinopolim
980 662 1106 704 moram
1121 639 1310 704 nullatenus
1322 636 1374 721 ja·

1436 399 1438 464 l

270 737 375 794 carent
396 752 418 792 u
444 751 485 791 ra
507 749 654 807 mensem,
669 729 739 791 nisi
752 725 915 790 voluntate
930 748 992 789 sua
1005 726 1153 809 propria
1170 731 1377 788 morarentur.
1438 749 1439 754 ¹

269 815 476 898 Responsum
497 819 543 876 est
565 813 621 892 eis,
643 811 731 894 quod
752 810 856 873 brevis
885 817 1051 888 [mordet]
1078 811 1195 873 mentio
1213 807 1379 894 publicata

270 921 338 963 non
353 906 424 960 erat
439 896 530 960 nabis
545 897 741 976 necessaria,
756 896 838 978 quia
851 892 947 958 Greci
962 916 1021 958 nos
1036 895 1146 958 minas
1151 892 1381 976 formidarent,

270 984 301 1046 si
314 983 420 1046 brevis
433 1003 543 1045 morae
554 982 707 1065 spacium
722 981 947 1064 presciretur,·
970 987 1112 1042 attamen
1133 979 1383 1062 impetraverunt

271 1091 293 1131 a
314 1066 419 1145 nolis,
442 1075 477 1130 at
499 1064 538 1128 de
559 1086 653 1128 mora
674 1061 776 1127 solius
797 1063 916 1126 mensis
938 1063 984 1125 eis
1006 1064 1167 1126 securitas
1184 1070 1383 1146 prestaretur

270 1152 309 1215 in
325 1148 461 1236 palam;
484 1157 513 1213 et
533 1150 582 1212 ita
594 1147 727 1232 factum
748 1156 802 1211 est.
849 1143 919 1220 Quo
932 1146 1041 1230 facto,
1062 1147 1191 1210 iuvenis
1211 1148 1384 1228 imperator

296 1234 423 1298 remisit
436 1231 540 1312 nolis,
556 1231 644 1315 qnod
657 1233 716 1294 toti
730 1231 886 1294 enacitni
899 1239 1008 1294 nostro
1018 1251 1085 1315 per
1096 1253 1222 1294 annum
1231 1228 1385 1293 victualia

268 1257 453 1402 liurpirstur
481 1317 645 1400 inteqrum
667 1324 696 1378 et
717 1316 804 1400 quod
827 1315 867 1378 10
887 1313 983 1378 milia
1005 1313 1144 1378 militnm
1166 1315 1212 1378 ad
1244 1312 1385 1377 anitumb

273 1400 416 1468 Sanctae
439 1402 558 1465 Terrae
580 1422 771 1463 succursum
793 1399 839 1462 ad
860 1408 1023 1483 snmptvs⁰
1045 1421 1121 1463 suos
1148 1399 1299 1478 haberem·
1316 1419 1386 1482 pro

272 1485 362 1549 misit
383 1486 477 1564 enim,
500 1484 657 1568 quamdin
679 1485 797 1548 viveret
825 1484 871 1547 ad
899 1483 1066 1567 stipendia
1088 1506 1153 1546 saa
1175 1506 1208 1546 se
1228 1484 1270 1547 in
1294 1484 1388 1547 Terra

277 1569 405 1634 Sancta
420 1568 483 1632 500
503 1568 619 1633 milites
634 1568 834 1648 habituram,
855 1577 884 1632 et
898 1569 986 1651 quod
1001 1568 1080 1631 daci
1099 1568 1205 1631 Veneti
1222 1567 1289 1630 100
1302 1566 1388 1630 milia

275 1675 463 1718 marcarum
496 1655 629 1738 arpenti
663 1661 692 1717 et
729 1652 860 1716 totidem
892 1653 1050 1716 exercitui
1086 1661 1196 1716 nostro
1235 1659 1388 1736 eroparet.

278 1736 404 1812 Quibus
436 1739 621 1820 compositis
651 1746 681 1799 et
713 1738 875 1801 communi
906 1735 1069 1800 natitant
1101 1738 1274 1816 concessis,
1298 1757 1389 1799 naves

274 1830 407 1886 nostras
429 1822 672 1885 conscendimus
681 1832 704 1902 ⁰,
727 1821 843 1884 deliine
859 1823 904 1885 ad
944 1829 1049 1884 ortum
1060 1820 1270 1884 Bucceoviae
1287 1829 1389 1884 octavo

274 1906 327 1970 die
364 1905 571 1992 applicantes
578 1927 590 1985 ,¹
622 1905 662 1968 ab
698 1928 733 1969 eo
761 1904 829 1969 loco
860 1845 940 1968 lOOp
954 1903 1041 1969 leuce
1078 1901 1390 1990 Constantinopolim

274 2011 376 2074 usque
391 1998 626 2070 numerantnr;
643 2012 664 2051 a
673 1998 776 2072 porta
791 2011 865 2052 vero
880 1990 942 2052 isto
961 2011 1062 2074 usqne
1080 1988 1297 2054 Constantino
1324 1987 1390 2051 olim

272 2096 336 2158 per
356 2076 503 2137 strictum
524 2095 614 2137 mare
636 2082 665 2135 et
686 2073 833 2137 velociter
854 2095 989 2137 currens
1009 2075 1183 2136 transitur.
1226 2074 1269 2136 In
1333 2093 1391 2158 per

275 2157 361 2222 illud
387 2157 516 2242 fretum
554 2157 769 2242 navipantes,
808 2159 1024 2222 transivimus
1061 2157 1246 2222 Bracluium
1290 2156 1391 2222 sancti

278 2241 414 2327 Georpii
435 2251 464 2303 et
480 2240 632 2326 portanir
655 2243 799 2325 cepimus
821 2242 865 2306 ad
880 2242 1016 2325 firmam
1038 2251 1159 2306 terram
1185 2263 1300 2306 versus
1325 2242 1392 2305 Yco·

276 2328 379 2407 niam,
403 2328 461 2410 qai
478 2336 596 2410 portus
618 2327 719 2390 distat
742 2349 763 2388 a
777 2323 1092 2409 Constantinopolim
1107 2349 1177 2389 una
1191 2324 1299 2390 leuca.
1332 2325 1391 2390 Ibi·

276 2412 346 2475 dem
375 2411 562 2494 stupuimus
590 2409 685 2473 valde
718 2411 927 2475 ammirantes
957 2431 1058 2493 super
1090 2410 1159 2490 loc,
1188 2411 1279 2494 qaod
1307 2430 1391 2475 nemo

278 2496 467 2574 amicorum,
482 2517 573 2557 nemo
583 2502 762 2578 parentam
776 2495 905 2557 iuvenis
918 2495 1139 2578 imperatoris,
1155 2496 1213 2579 qai
1227 2496 1392 2560 nobiscnm

277 2587 358 2658 erat,
382 2600 437 2640 sev
461 2577 583 2662 aliquis
606 2580 749 2642 nuncius
771 2601 881 2642 eoram
895 2582 983 2643 venit
999 2578 1044 2642 ad
1058 2601 1140 2659 enm,
1156 2580 1262 2662 quisi
1277 2590 1392 2644 statum

280 2660 563 2746 Constantinopoli
584 2661 777 2726 declararet.
813 2662 890 2726 Non
904 2686 1008 2742 mora,
1022 2665 1068 2727 im
1092 2671 1203 2726 orator
1220 2664 1393 2748 imperinm

277 2757 387 2810 tenens
410 2744 488 2808 duci
527 2745 633 2810 Veneti
641 2757 665 2827 Β,
695 2747 889 2826 marchioni,
919 2749 1028 2811 comiti
1048 2684 1257 2828 blandrensi,
1289 2748 1395 2814 comiti

276 2829 448 2893 Lndewico
470 2836 499 2892 et
520 2829 613 2893 nobis
634 2835 774 2895 nuncios
794 2830 889 2894 suosh
905 2831 1089 2894 destinavit.
1121 2830 1194 2894 Nos
1208 2854 1284 2895 vero
1300 2854 1395 2896 secre-

276 2923 343 2978 tam
365 2915 452 2977 inter
473 2936 533 2977 nos
547 2918 695 2979 ineuntes
709 2914 894 2994 consilinm,
909 2916 1066 2994 diotimus,
1088 2915 1175 3000 quod
1188 2915 1395 2998 imperatoris

278 3000 416 3062 nuncios
438 2997 625 3063 nullatenus
648 2999 847 3079 audiremus,
869 3001 937 3063 nisi
956 3001 1058 3082 prius
1087 3021 1120 3063 se
1150 2998 1189 3060 ab
1212 3000 1396 3083 imperialis

278 3083 434 3146 cotledra
450 3082 622 3168 deponeret
642 3085 831 3162 maiestatis,
855 3082 949 3146 aliter
970 3084 1082 3168 ipsum'
1100 3081 1149 3146 vel
1170 3084 1241 3145 eius
1255 3087 1396 3149 nuncios
1456 3093 1457 3142 ἶ

278 3188 487 3252 nequaquam
510 3168 778 3231 auscultaremus.
821 3166 1029 3230 Nolebamus¹
1060 3169 1155 3246 enim,
1185 3168 1272 3252 qnod
1301 3168 1397 3233 Greci
1455 3173 1457 3248 ἶ

193 3299 194 3304 1
279 3274 339 3316 nos
354 3253 543 3316 muneribus
566 3259 793 3335 attemptarent
814 3249 863 3313 vel
883 3249 1055 3315 mollirent.
1098 3252 1233 3316 Interim
1254 3254 1396 3338 impera·
1456 3275 1457 3286 ¹

278 3339 359 3400 toris
381 3338 541 3401 evercitus
562 3338 599 3400 in
621 3337 725 3399 littore
747 3335 841 3399 nobis
867 3337 1014 3419 opposito
1039 3345 1185 3420 paratus
1213 3347 1284 3402 erat
1305 3338 1397 3403 nobis

279 3423 455 3484 transitum
483 3420 637 3501 inhibere,
666 3421 834 3483 ostendens
862 3421 1081 3483 animositatis
1110 3424 1297 3508 pmapinem
1319 3445 1396 3507 pre·

279 3501 391 3568 liandi
411 3505 586 3568 nobiscum.
634 3502 727 3578 Quod
749 3504 901 3585 videntes,
924 3503 970 3567 ad
1016 3514 1196 3569 secutorum
1213 3515 1398 3570 nostrorum

280 3589 487 3651 cucurrimus
516 3587 758 3672 cortfessionem,
788 3591 824 3653 in
851 3588 916 3652 Dei
946 3526 1050 3653 solium
1077 3590 1304 3654 misericordia
1326 3614 1397 3656 con-

273 3671 423 3754 fidentes.
465 3671 581 3736 Postea
610 3682 741 3736 nostras
768 3673 996 3738 ordinavimus
1017 3694 1173 3759 papam,
1195 3673 1311 3737 deinde
1340 3695 1398 3739 nos

282 3777 390 3820 omnes
421 3758 543 3820 armati
563 3758 760 3820 intravimus
782 3779 881 3821 naves
911 3759 1046 3822 asarias
1069 3766 1097 3820 et
1124 3755 1286 3842 paleidas,
1314 3779 1397 3841 quoe

280 3862 364 3903 vasa
385 3841 521 3925 navipio
544 3850 624 3923 apta
645 3839 708 3903 200
729 3862 861 3904 numero
874 3839 1021 3923 fuerunt
1036 3849 1148 3926 preter
1173 3841 1348 3906 naviculas
1369 3849 1397 3906 et

281 3922 414 4008 bavqas.
471 3922 549 3989 Cam
580 3947 655 3987 vero
682 3923 751 3988 Deo
780 3925 915 3989 ducente
947 3923 1037 3988 ultra
1055 3924 1189 4008 fuimus
1222 3925 1397 4010 applicati,

283 4029 390 4071 omnes
413 4005 519 4088 Greci,
541 4010 600 4093 qni
614 4016 831 4072 convenerant
846 4017 882 4071 at
895 4009 1071 4072 transitu-m
1086 4009 1178 4073 nolis
1192 4009 1396 4094 impedirent,

284 4094 333 4156 ita
361 4091 426 4154 Dei
457 4092 570 4177 pratia
597 4115 619 4155 a
648 4092 740 4156 nolis
769 4091 975 4177 elonparunt,
1001 4092 1089 4176 quod
1118 4093 1259 4177 aliquem
1287 4116 1397 4159 eorum

282 4268 306 4323 s)
321 4270 353 4311 tta
368 4271 404 4321 tm
419 4273 474 4312 tuest
489 4275 548 4316 codd,
623 4271 648 4324 b)
665 4271 785 4313 annuum?
866 4270 887 4325 c)
904 4277 1006 4324 sumptos
1022 4274 1071 4314 131.
1088 4275 1108 4315 2.
1192 4271 1215 4325 d)
1231 4274 1395 4316 voluntante

281 4329 486 4444 ἰξοοιιοοὲιὲίηᾶἳι
501 4333 550 4373 Bl.
567 4335 587 4374 8.
604 4334 645 4374 01.
662 4334 683 4374 2.
721 4330 741 4385 t)
756 4336 902 4383 neuportum
918 4333 963 4372 1³1.
1010 4331 1034 4385 ε)
1050 4334 1162 4376 Venetiae
1178 4333 1208 4375 H.
1246 4331 1271 4385 h)
1287 4333 1344 4375 doen
1359 4335 1397 4376 02.

316 4400 386 4432 noea
418 4421 423 4432 .
478 4423 484 4436 .
