2924 5006
283 398 335 449 176
420 395 607 448 OHRONICA
626 392 739 447 neem
759 393 1010 447 communale
1032 392 1135 445 CONT.
1155 395 1193 445 11.
1214 395 1248 446 A.
1261 383 1343 446 12'05.
1454 347 1456 378 l

283 574 390 629 mente
411 565 443 627 in
466 583 520 626 cos
543 562 712 628 debachati
734 573 817 643 sunt,
839 572 876 628 ut
897 563 993 626 etiam
1013 562 1120 660 ipsum
1149 569 1290 625 castrum
1312 560 1412 626 Rode

284 670 388 734 usque
415 647 457 711 ad
485 668 613 710 murum
647 647 831 712 interiorem
862 645 1001 710 totaliter
1032 646 1100 730 igni
1137 647 1412 730 consumpserint.

285 731 501 798 Succiderunt
522 740 554 795 et
575 729 685 812 tiliam,
709 752 771 817 que
786 729 921 794 diversis
936 729 1072 794 edificiis
1087 728 1225 794 mirabili
1245 740 1413 794 structura

284 817 318 879 in
340 814 472 879 modum
493 813 728 962 propugnaculi
749 815 781 878 in
804 813 904 878 altram
925 813 1089 900 latumque
1111 813 1258 896 deducta,
1280 815 1412 880 intuen-

285 900 373 965 tibus
396 898 525 985 quidem
570 897 734 964 electabile
779 897 921 962 restabat
943 896 1170 983 spectaculum,
1193 897 1307 962 subtus
1338 920 1411 962 eam

285 1005 361 1048 vero
383 981 621 1047 ambulantibus
643 981 695 1046 vel
717 921 903 1047 sedentibus
925 979 1065 1067 optabile
1094 982 1249 1068 prebebat
1276 981 1411 1046 umbra

187 1066 403 1142 sapsaculum.
457 1066 568 1130 Bruno
591 1065 710 1131 electus
738 1068 824 1130 circa
845 1067 1043 1130 nativitatem
1066 1076 1174 1130 sancte
1195 1066 1300 1130 Marie
1333 1088 1410 1130 eum

288 1151 351 1215 600
372 1149 525 1216 militibus
548 1149 759 1236 peditumque
780 1172 899 1235 magna
920 1148 1123 1215 multitudine
1142 1172 1254 1214 versus
1270 1148 1411 1214 fluvium

286 1237 354 1298 Are
376 1234 580 1318 protendens,
601 1255 728 1319 queque
750 1235 877 1298 comitis
904 1234 944 1298 de
966 1232 1181 1298 Hoinstadina
1210 1243 1303 1297 erant
1333 1255 1410 1298 con-

285 1318 466 1399 cremando,
496 1317 675 1402 diripiendo
704 1319 821 1382 acriter
850 1317 1064 1405 depopulatus
1094 1327 1152 1382 est.
1206 1317 1352 1382 Obsedit
1382 1327 1414 1381 et

286 1411 427 1467 castrum
442 1401 494 1464 cui
509 1400 614 1466 Hartb
629 1400 824 1466 vocabulum
847 1413 904 1484 est,
926 1401 982 1466 ubi
999 1402 1130 1488 quidam
1145 1400 1236 1465 miles
1252 1403 1411 1487 egregius

284 1488 414 1551 nomine
450 1482 642 1550 Gisilbertus
675 1485 715 1550 de
743 1485 900 1550 Kerriche
932 1487 1045 1551 lancea
1072 1507 1246 1572 percussus
1273 1487 1412 1551 interiit.

284 1571 451 1636 Profectus
472 1568 556 1650 inde,
578 1579 697 1633 terram
719 1571 845 1634 comitis
866 1569 1055 1634 Iuliacensis
1077 1592 1158 1656 eque
1184 1569 1333 1651 cedibus,
1363 1591 1412 1633 ra-

275 1657 370 1742 pinis
393 1666 425 1720 et
446 1651 601 1718 incendiis
624 1653 790 1718 devastare
813 1655 906 1739 cepit.
954 1653 1088 1719 Excidit
1115 1662 1147 1718 et
1172 1654 1314 1733 vineam,
1338 1676 1413 1740 per-

286 1761 305 1803 o
330 1741 441 1804 timam
463 1760 582 1824 sepem,
604 1735 745 1800 torcular
766 1739 897 1802 exussit.
942 1737 1036 1803 Unde
1064 1759 1171 1802 comes
1192 1736 1279 1801 idem
1310 1760 1411 1824 quam

284 1761 458 1908 plurimum
480 1820 655 1887 indoluisse
676 1821 786 1903 fertur,
808 1843 851 1886 co·
870 1822 957 1908 quod
977 1824 1011 1886 in
1032 1820 1113 1885 locis
1134 1820 1197 1885 illis
1218 1842 1290 1886 rare
1310 1822 1412 1887 habe·

285 1916 395 1972 rentur
422 1907 525 1988 vinee,
556 1916 588 1970 et
616 1905 703 1991 quod
731 1904 830 1970 multo
859 1905 968 1970 labore
997 1927 1036 1970 ac
1060 1915 1191 1992 sumptu
1217 1907 1290 1991 ipsa
1312 1907 1412 1970 vinea

289 1989 418 2056 exculta
432 1990 553 2072 fiiisset3
568 2012 588 2054 a
603 1988 764 2054 nonnullis
787 2011 863 2054 vero
885 2000 1018 2075 accepto
1034 2011 1099 2053 non
1114 1988 1241 2053 modico
1263 1991 1407 2075 argenti,

286 2074 399 2138 domos
427 2072 584 2159 villasque
612 2096 723 2139 eorum
744 2075 866 2139 inustas
887 2073 1025 2160 reliquit.
1068 2073 1148 2138 Inde
1170 2074 1264 2136 motis
1291 2074 1411 2139 castris

285 2157 422 2222 Nusiam
437 2168 683 2242 pretergressus,
704 2159 739 2220 in
760 2157 831 2222 loco
847 2159 902 2244 qui
916 2156 1059 2222 Bucholz
1075 2157 1192 2223 Sancte
1206 2156 1412 2222 Gerdrudis⁰

166 2266 224 2318 seps.
242 2268 276 2310 rs.
286 2239 466 2328 appellatur
487 2241 560 2305 fixit
573 2243 719 2324 tentoria,
734 2252 862 2328 postera
876 2241 938 2316 die,
954 2239 1076 2306 scilicet
1088 2252 1163 2326 post
1178 2239 1412 2307 exaltationem

287 2321 395 2390 sancte
417 2326 530 2408 crucis,
552 2334 668 2390 terram
692 2327 817 2390 comitis
838 2327 878 2391 de
902 2324 997 2392 Gelre
1021 2325 1206 2414 [intravit‘¹],
1232 2325 1412 2414 ipsumque

287 2430 359 2473 cum
381 2411 494 2474 ceteris
516 2409 578 2474 sibi
598 2409 842 2475 adversantibus
869 2420 926 2475 aut
947 2410 1062 2474 ditioni
1090 2429 1147 2475 sue
1174 2408 1323 2474 subicere
1355 2418 1413 2474 aut

288 2491 456 2558 omnibuse
478 2492 584 2558 modis
607 2493 791 2578 disperdere
807 2493 950 2559 molitus:
967 2508 1041 2557 cum
1063 2515 1137 2558 ecce
1158 2493 1268 2557 nuncii
1296 2515 1413 2595 super-

286 2578 461 2659 venientes,
472 2576 658 2664 Philippum
685 2600 795 2662 regem
817 2600 891 2642 eum
906 2577 1110 2643 multitudine
1124 2578 1256 2664 copiosa
1270 2577 1409 2644 fluvrum

286 2660 452 2725 Mosellam
473 2665 623 2726 transisse
644 2670 739 2749 atque
759 2662 794 2725 in
815 2662 952 2726 confinio
964 2663 1158 2727 Veronensis
1173 2662 1312 2726 civitatis
1344 2665 1410 2726 iam

288 2744 478 2822 consedisse,
501 2745 687 2811 retulerunt.
737 2745 832 2810 Unde
854 2747 971 2811 infecto
993 2748 1124 2830 negotio
1146 2746 1255 2810 Bruno
1285 2745 1409 2812 electus

287 2849 359 2891 cum
375 2829 441 2892 suis
456 2851 552 2914 quarn
569 2829 703 2894 celerius
721 2828 887 2895 Coloniam
901 2853 1057 2913 reversus,
1072 2831 1174 2896 intraf
1189 2827 1279 2894 urbis
1298 2831 1410 2896 menia

167 2929 225 2981 see.
242 2931 276 2970 ιτ.
287 2933 321 2976 se
347 2915 478 2977 rescit
569 2912 737 3001 Philippus
766 2933 825 2978 rex
853 2915 939 2978 circa
964 2915 1082 2980 festum
1108 2914 1211 2978 sancti
1237 2914 1407 2980 Lamberti

287 3017 361 3058 cum
381 2935 522 3082 palatino
545 2999 660 3062 comite
682 2997 723 3062 de
745 2997 994 3072 Witlincbaohss‚
1016 2999 1098 3063 duce
1119 2999 1297 3080 Austrasie,
1321 2999 1406 3064 duce

285 3080 433 3146 Baioarie
455 3080 589 3167 aliisque
612 3104 709 3167 quam
738 3080 894 3167 pluribus,
924 3104 998 3147 cum
1028 3084 1193 3147 exercituh
1213 3103 1337 3166 magno
1367 3106 1405 3148 ac

285 3165 416 3228 navium
446 3165 615 3229 innumera
641 3164 855 3246 multitudine,
883 3176 998 3251 rogatu
1026 3166 1135 3231 Adolfi
1166 3165 1405 3267 archiepiscopi

285 3248 526 3334 amicorumque
548 3270 689 3330 suorum,
711 3259 818 3335 partes
839 3249 1004 3315 inferiores
1025 3251 1090 3315 iam
1120 3260 1234 3336 quarto
1261 3251 1404 3333 intravlt,

284 3331 435 3396 iniuriam
456 3332 594 3420 predicti
615 3332 849 3420 archiepiscopi
867 3355 928 3434 pro
951 3333 1140 3420 expulsione
1162 3336 1265 3421 ipsius
1280 3335 1322 3400 ab
1339 3336 1404 3423 epi-

285 3416 394 3500 scopio
422 3417 456 3480 in
478 3415 626 3481 Coloniai
652 3418 758 3482 acrius
787 3418 1007 3483 vind1caturus
1033 3440 1072 3482 ac
1093 3420 1234 3503 insuper,
1257 3420 1286 3482 si
1309 3422 1404 3505 copia

284 3498 387 3581 detur,
415 3501 519 3584 ipsam
549 3501 711 3567 civitatem
733 3501 899 3570 Coloniam
909 3504 926 3584 i,
955 3512 1066 3591 utpote
1093 3503 1269 3568 maiestatis
1302 3525 1403 3585 ream,

284 3585 404 3670 quippe
427 3583 466 3648 de
490 3605 555 3683 qua
580 3595 646 3650 tam
676 3585 739 3651 sibi
761 3609 857 3672 quam
878 3586 986 3652 multis
1007 3596 1080 3652 ante
1095 3609 1129 3652 sc
1143 3587 1273 3672 regibus
1290 3609 1404 3674 oppro-

282 3669 353 3736 bria
374 3667 475 3733 multa
502 3667 590 3734 1llata
618 3669 717 3736 fuisse
746 3692 807 3735 oon
831 3670 1009 3753 uerebatur,
1039 3669 1202 3736 solotenus
1223 3692 1402 3736 eversurus.

283 3751 433 3817 Transito
454 3752 554 3838 igitur
579 3752 678 3818 fluvio
706 3754 777 3819 Mos
820 3777 849 3838 a,
874 3753 961 3820 nullo
984 3756 1047 3820 sibi
1072 3755 1255 3838 obsistente,
1278 3753 1402 3820 Ander-

280 3857 396 3900 nacum
418 3838 514 3919 venit,
536 3836 610 3900 inde
632 3838 778 3924 predium
800 3839 924 3925 regium
936 3838 1092 3904 Sinzeche
1105 3840 1238 3924 Regiam
1282 3861 1403 3926 umque

281 3921 466 4006 preteriens,
493 3921 655 3988 Veronam
680 3921 845 4010 applicuit,
877 3922 1004 4011 [interl]
1032 3945 1128 4010 quarn
1155 3932 1187 3987 et
1216 3921 1263 3986 Oc
1278 3924 1400 3988 oniam¹

281 4003 324 4066 ad
353 4003 417 4068 duo
446 4005 511 4070 fere
533 4005 670 4070 miliaria
690 4007 883 4092 protendens
904 4003 1118 4088 tabemacula,
1140 4005 1205 4070 illio
1227 4028 1298 4070 sese
1328 4029 1400 4071 cum

244 4100 247 4108 ’
282 4087 348 4150 suis
369 4090 574 4176 transposuit.
619 4088 685 4154 Ubi
706 4093 809 4176 gratia
830 4092 995 4156 recreandi
1024 4092 1200 4156 exercitum
1228 4089 1399 4176 aliquantis

282 4284 478 4335 atHoinsthadsn
494 4288 532 4330 Aa
549 4290 587 4328 boc
602 4289 655 4330 loco.
717 4287 740 4340 b)
758 4289 819 4330 Nare
834 4289 881 4332 At.
929 4289 950 4342 c)
968 4290 1088 4332 Gertrudls
1104 4289 1151 4331 Aa.
1198 4287 1221 4340 d)
1238 4289 1294 4329 deest
1310 4289 1360 4332 Aa
1377 4290 1396 4332 8.

282 4342 303 4393 e)
321 4345 384 4384 omni
399 4345 446 4387 Aa.
493 4345 587 4397 ointer
603 4347 650 4388 ΔΞ.
696 4348 721 4402 g)
738 4349 878 4391 Witlinbach
894 4348 940 4392 Aa
985 4348 1009 4402 h)
1025 4351 1133 4400 bucusque
1148 4349 1197 4389 Aa.
1248 4349 1266 4399 i)
1282 4347 1333 4390 Col'
1349 4349 1397 4390 At.

281 4400 439 4454 ndomita
498 4404 517 4458 1)
533 4405 583 4446 (lol'
599 4406 645 4447 At.
968 4407 970 4414 '
