2944 5002
275 411 432 464 MARTINI
452 409 699 463 CONTINUATIO
721 409 972 461 COLONIENSIS.
1130 408 1181 458 361

148 577 328 644 sicfridus
362 600 490 665 quoque
523 577 784 664 archiepiscopus
818 575 1017 643 Coloniensis
1053 577 1183 642 tandem

44 664 161 744 senio,
185 601 299 728 labore
329 673 361 728 et
382 661 510 727 casibus
532 663 671 728 fortuitis
694 672 913 747 consumptus,
946 683 1018 726 cum
1049 660 1183 726 sedisset
1288 663 1291 678 '

48 748 156 811 annis
187 748 228 811 23
256 757 288 812 et
315 748 480 813 mensibus
502 748 532 829 5,
561 748 697 812 moritur
726 760 759 811 et
786 747 820 810 in
848 747 1040 812 monasterio
1071 745 1181 811 Sancti
1193 765 1258 808 rasi.

51 830 170 897 Cassii
192 832 317 914 Bunne,
347 834 431 895 sicut
459 841 490 896 et
516 830 724 930 predecessor
751 833 831 913 eius,
858 853 953 917 quem
981 828 1182 915 negligenter

49 917 206 1003 positum
228 915 389 980 honestius
405 913 532 1002 sepeliri
554 915 682 998 fecerat,
705 917 828 1001 etipse
850 916 969 979 fusorio
991 937 1010 979 o
1035 936 1087 980 ere
1110 924 1183 980 ante

50 999 165 1065 altare
187 1000 273 1066 beati
294 1001 382 1086 Petri
404 999 578 1064 honorifice
600 999 777 1064 tumulatus
799 1008 855 1064 est.
900 998 961 1065 Oui
1025 997 1183 1081 icboldus,

50 1085 195 1148 maioris
232 1083 366 1150 ecclesie
397 1086 431 1149 in
454 1083 589 1149 Colonia
621 1083 772 1166 decanus,
805 1085 968 1149 successit.
1017 1084 1080 1148 Hic
1111 1081 1183 1169 plus

51 1169 209 1234 faecione
231 1166 387 1234 nobilium
410 1168 473 1233 sibi
501 1169 682 1234 favencium
705 1191 801 1255 quam
825 1167 1004 1234 eleccione⁸
1028 1167 1183 1232 canonica

50 1253 180 1318 Nussie
202 1251 340 1338 eligitur,
362 1254 413 1317 vir
434 1265 500 1318 tam
523 1251 634 1317 divina
656 1274 752 1339 quam
776 1252 915 1317 humana
936 1254 1076 1318 sciencia
1098 1251 1183 1316 suffi-

53 1338 185 1402 cienter
207 1337 359 1402 eruditus.
402 1337 441 1402 In
463 1338 551 1401 curia
564 1337 711 1402 Romana
732 1339 865 1423 positus,
887 1337 928 1400 ab
944 1336 1058 1402 emulis
1074 1337 1182 1424 opinio

53 1423 130 1488 eius
154 1420 359 1487 vehementer
380 1421 575 1505 obfuscatur,
606 1431 737 1507 propter
760 1421 846 1509 quod
868 1420 969 1487 multa
994 1422 1041 1486 ibi
1063 1442 1183 1507 expen-

53 1506 151 1572 disse
187 1516 221 1571 et
256 1506 378 1571 maiora
410 1507 545 1571 donasse
578 1514 782 1587 memoratur,
819 1516 850 1572 et
882 1506 1009 1572 tandem
1042 1529 1062 1570 a
1086 1506 1182 1571 Boni-

53 1590 148 1656 facio
163 1590 254 1655 VlII.
276 1610 363 1676 papa
384 1589 472 1677 pallii
494 1590 613 1654 honore
637 1589 815 1673 decoratus
842 1592 875 1654 in
897 1612 978 1678 pace
1001 1591 1181 1656 dimittitur.
1193 1604 1259 1646 12⁹⁸.

58 1675 168 1742 Cuius
197 1677 378 1739 interventu
401 1672 606 1741 Colonienses
632 1673 674 1739 ab
700 1674 882 1757 interdicto,
911 1697 974 1762 quo
995 1677 1060 1740 iam
1089 1675 1181 1740 annis

55 1759 211 1847 plurimis
233 1759 377 1825 innodati
398 1759 533 1842 fuerant,
557 1768 741 1824 meruerunt
762 1758 918 1825 absolvi1.

149 1845 254 1929 Igitur
282 1866 340 1908 rex
369 1843 505 1908 Adolfus
532 1842 752 1929 negligentius
780 1866 814 1908 se
847 1844 888 1908 ad
917 1843 1090 1930 principes,
1127 1844 1182 1931 qui

57 1951 140 1994 eum
175 1929 216 1993 ad
250 1927 377 1993 culmen
413 1930 493 1993 tanti
528 1927 659 1994 honoris
697 1939 872 2008 erexerant,
910 1949 1114 2015 componens,
1151 1938 1182 1993 et

58 2012 211 2077 militaris
234 2012 353 2077 ordinis
374 2011 519 2078 homines
541 2013 587 2076 eis
609 2034 799 2098 preponens,
830 2013 905 2077 odia
931 2034 1041 2077 eorum
1070 2022 1182 2078 contra

59 2119 96 2162 se
120 2098 317 2196 provocavit.
351 2096 445 2162 Unde
462 2096 670 2161 Gerhardusl
685 2097 893 2184 Moguntinus
908 2097 1181 2185 archiepiscopus,

59 2203 134 2266 regi
160 2183 400 2268 propinquitate
430 2182 745 2266 consanguineitatis
779 2183 978 2264 coniunctus,
1011 2184 1181 2268 episcopus

60 2267 261 2351 Argentinus
282 2276 314 2331 et
337 2266 434 2331 ceteri
448 2264 571 2330 nobiles
586 2288 775 2352 superarum
790 2268 936 2354 parcium
958 2266 1183 2352 indignacione

64 2353 229 2433 commoti,
251 2348 407 2416 illustrem
423 2349 539 2414 ducem
553 2350 683 2415 Austrie
698 2354 827 2415 nomine
842 2350 1062 2428 Adelbertum,
1081 2350 1182 2415 filium

62 2437 150 2522 regis
177 2433 315 2518 Rudolfi,
348 2443 564 2500 evocaverunt
593 2446 625 2502 et
656 2446 692 2501 ut
723 2457 858 2520 regnum
892 2434 1050 2501 obtineret
1077 2434 1183 2500 horta-

62 2520 192 2586 bantur.
236 2520 310 2602 Qui,
337 2521 479 2584 exercitu
502 2521 630 2605 copioso
653 2520 803 2601 adunato,
833 2543 906 2586 cum
928 2521 1007 2607 ipsis
1029 2520 1182 2585 municio-

64 2627 140 2671 nem
160 2605 324 2752 puandam
345 2625 444 2690 regno
467 2605 673 2670 attinentem²
703 2604 872 2670 obsidione
894 2604 1182 2675 circumdederunt.

67 2688 133 2755 Sed
191 2688 296 2753 dolfus
328 2711 387 2754 rex
420 2687 482 2752 hiis
514 2688 683 2754 eventibus
711 2692 843 2754 minime
874 2690 1072 2777 perterritus,
1110 2712 1183 2754 cum

65 2772 167 2838 multa
195 2771 325 2860 sequela
352 2782 546 2837 armatorum
578 2795 632 2838 eos
660 2773 793 2839 invadit.
842 2775 957 2860 Pugna
986 2796 1061 2840 vero
1094 2775 1183 2856 inita,

66 2857 202 2925 Adolfus
223 2880 282 2922 rex
303 2857 349 2923 ibi
367 2857 492 2932 cecidit,
515 2866 546 2922 et
560 2856 652 2922 multi
667 2859 788 2944 captivi
802 2858 1016 2924 abducuntur.
1050 2857 1185 2923 Cometa

69 2945 180 3031 prius⁰
201 2941 368 3028 peridem
389 2952 516 3028 tempus
538 2943 610 3006 visa
632 2951 689 3007 est.

150 3025 268 3092 Adolfo
290 3048 366 3125 rege
387 3027 564 3108 interfecto,
586 3048 663 3091 mox
685 3027 847 3113 principes
863 3025 1035 3091 Germanis
1050 3025 1183 3110 Mogun-

70 3113 136 3178 cie³
159 3121 346 3196 congregati
360 3110 570 3177 Adalbertum
594 3110 709 3176 ducem
723 3111 854 3176 Austrie
874 3111 908 3174 in
922 3133 1030 3196 regem
1053 3109 1184 3197 eligunt,

70 3197 125 3283 qui
145 3216 166 3259 a
186 3194 359 3261 Wicboldo
388 3194 495 3260 archie
519 3197 630 3281 iscopo
654 3194 838 3261 Coloniensi
860 3195 1058 3282 Aquisgrani
1086 3215 1183 3258 nona-

62 3281 191 3349 .esimo
219 3279 359 3345 secundo
385 3278 455 3344 loeo
484 3219 526 3344 al>
549 3281 696 3365 Augusto
728 3281 762 3343 in
787 3302 897 3366 regem
926 3289 975 3344 est
1003 3289 1182 3344 coronatus.

70 3304 132 3430 llic
161 3375 234 3466 post
260 3384 351 3428 suam
384 3366 627 3430 coronacionem
660 3365 819 3450 insignem
852 3365 975 3428 curiam
1002 3362 1184 3449 Nurinberg

71 3450 195 3531 indixrt,
224 3447 385 3535 adquam
405 3447 497 3513 multi
519 3450 683 3535 principes
706 3459 939 3533 convenerunt,
970 3447 1026 3512 ubi
1054 3458 1086 3513 et
1112 3448 1184 3534 plus

72 3556 168 3622 quam
194 3555 252 3598 sex
285 3534 374 3597 milia
404 3531 543 3597 militum
569 3545 754 3599 asseruntur
779 3532 886 3599 fuisse.
942 3532 1049 3598 Causa
1077 3543 1184 3598 autem

71 3626 154 3683 tante
192 3616 422 3703 solempnitatis
457 3618 562 3682 extitit
598 3620 768 3683 coronacio
804 3619 915 3682 uxoris
949 3619 1049 3703 regis,
1086 3638 1183 3716 quam

73 3712 103 3768 et
127 3700 318 3802 llVicboldus
348 3701 546 3767 Coloniensis
576 3702 838 3789 archiepiscopus
871 3701 991 3767 ibidem
1024 3711 1119 3766 unxit
1149 3704 1184 3766 in

72 3809 105 3852 re
128 3807 222 3854 mam.

106 3809 215 3936 gPer
245 3871 331 3935 idem
364 3879 492 3956 tempus
523 3893 582 3935 rex
614 3870 791 3954 Bonorum,
825 3892 882 3935 rex
914 3871 1093 3956 Norwegie,
1125 3893 1184 3936 rex
1194 3890 1259 3934 1211.

75 3953 248 4036 Suechie‘l,
281 3954 423 4020 marchio
455 3954 777 4040 Brandenburgensis
815 3964 847 4019 et
879 3977 989 4020 omnes
1021 3955 1184 4042 principes

74 4116 97 4171 a)
111 4118 262 4161 ellecclonec.
294 4117 319 4171 b)
334 4117 491 4160 Bethsrdusc.
529 4115 550 4170 c)
565 4119 639 4170 item
653 4119 800 4161 caracam:
816 4129 860 4172 eyn
876 4120 944 4173 cleyn
960 4123 1056 4163 comete.
1087 4118 1111 4172 d)
1126 4120 1184 4162 teca

79 4289 102 4351 1)
122 4284 161 4354 CJ.
181 4286 266 4340 Notas
293 4286 363 4352 dot,
386 4285 435 4340 Sd.
456 4286 561 4352 XXIV,
586 4304 618 4355 p.
643 4288 705 4340 865.
781 4286 810 4355 2)
829 4285 913 4340 Aiaci.
987 4288 1017 4356 3)
1038 4287 1185 4342 Conventus

78 4360 244 4430 Mopantiaas
269 4361 324 4413 iam
349 4370 409 4414 anta
432 4378 552 4429 papocm
578 4363 652 4427 apud
672 4362 802 4414 cultram
827 4361 990 4414 commissum
1016 4362 1122 4414 habitas
1148 4365 1187 4415 est

78 4434 135 4487 Ism.
155 4435 215 4498 23.,·
236 4436 283 4489 scd
301 4435 399 4488 iterata
418 4443 455 4488 eat
473 4434 561 4489 electio
579 4435 756 4504 Francofarti
775 4435 827 4488 Iul.
848 4435 892 4489 at.
