2970 4996
200 402 389 456 GHRONICA
408 402 522 455 aucis
543 402 785 456 COLONIENSIS
804 403 837 457 A.
850 404 940 456 Ι1147.
961 405 1041 456 1148.
1161 406 1197 459 83

448 575 613 628 Berensis
633 576 658 629 Ι.
680 577 772 629 codd.
790 575 824 630 A.

1 675 2 686 ¹
50 660 186 725 chrum
220 661 354 726 Domini
384 683 422 725 ac
455 660 607 727 dimicare
640 673 752 728 contra
781 672 894 748 gentes
930 685 1012 762 quae
1046 665 1057 726 i
1105 674 1198 730 orant

50 744 180 809 Deum
214 755 247 810 et
278 744 411 810 dilatare
441 745 595 811 terminos
628 746 793 812 christiani
827 747 955 833 imperir
986 748 1020 811 in
1084 749 1195 814 riente.

52 829 179 893 Huius
202 831 275 893 viae
296 838 442 894 auctores
462 831 603 894 maxime
624 831 753 895 fuerunt
766 831 949 895 Bemardus
972 829 1073 896 abbas
1089 831 1197 897 Glare-

55 912 223 979 vullensis
246 923 278 978 et
300 912 431 999 quidam
456 913 632 978 monachus
658 915 788 979 nomine
809 913 996 980 Ruodolfus.
1040 915 1138 1015 Ergo,
1160 925 1196 981 ut

58 997 226 1079 diximus,
259 1018 323 1061 non
355 996 458 1062 solum
477 997 609 1145 dplebeii
638 1007 671 1062 et
699 997 825 1080 milites,
853 1007 901 1063 set
927 1009 960 1065 et
986 999 1195 1064 ecclesiarum

59 1081 247 1147 multarum
274 1081 447 1164 antistites,
500 1102 591 1163 uces,
618 1083 767 1160 comites,
796 1083 899 1168 princi
924 1105 975 1165 es,
1002 1083 1066 1168 ipsi
1098 1084 1194 1149 etiam

59 1187 96 1230 re
125 1187 164 1230 es
188 1166 223 1229 in
243 1164 328 1229 hanc
342 1187 376 1230 se
391 1163 632 1264 expeditionem
648 1164 856 1232 contulerunt.
891 1105 964 1232 ἕως
977 1168 1074 1231 etiam
1089 1166 1195 1232 Ouen-

58 1188 168 1314 radus
192 1261 225 1315 et
244 1271 305 1313 rex
326 1249 462 1315 Franc1e
476 1249 698 1330 Luodewicus,
719 1249 946 1316 innumerabili
968 1251 1077 1337 stipati
1099 1251 1195 1317 bella-

60 1345 176 1398 torum
205 1335 348 1418 agmine,
377 1333 438 1397 iter
466 1334 527 1397 hoc
556 1334 701 1419 aggressi
731 1344 814 1403 sunt.
862 1333 951 1399 Nec⁸
972 1356 1049 1400 vero
1077 1334 1194 1422 aliquis

60 1418 191 1505 poterit
212 1416 349 1492 credere,
373 1419 514 1503 quantal
535 1418 701 1482 hominum
722 1417 893 1483 multitudo
920 1439 993 1483 eum
1015 1419 1061 1483 eis
1084 1430 1117 1485 et
1137 1442 1196 1507 per

61 1524 122 1568 eos
154 1500 297 1564 adunata
327 1503 377 1566 sit.
430 1501 505 1565 Non
536 1501 578 1566 sd
610 1499 772 1566 excidium
800 1502 897 1567 Troie
927 1511 1050 1568 tantam
1079 1503 1196 1569 Grecis

63 1585 220 1650 militiam
241 1585 337 1666 misit,
359 1605 534 1671 numquam
557 1585 651 1650 Oirus
673 1607 733 1650 rex
754 1594 843 1650 tante
864 1586 1030 1651 hominum
1057 1585 1193 1652 vallatus

64 1680 117 1735 est
147 1670 228 1750 acie,
257 1678 289 1734 et
310 1666 374 1732 heu
394 1668 495 1754 proch
516 1668 621 1733 dolor!
644 1690 708 1756 quo
730 1667 840 1755 plures
862 1679 893 1735 et
913 1670 1066 1736 forciores
1094 1681 1193 1755 erant,

64 1775 104 1820 eo
129 1755 257 1817 minora
278 1753 402 1817 virtutis
425 1775 502 1818 suae
522 1752 677 1839 reliquere
698 1753 836 1838 vestigia
845 1765 866 1817 ⁰.
909 1753 963 1817 Nil
984 1755 1070 1840 quod
1091 1755 1194 1840 Regie

65 1837 209 1903 Oronice
232 1835 263 1901 di
309 1858 364 1900 um
386 1839 428 1902 sit
448 1837 591 1923 imprimi
611 1837 673 1902 hoc
694 1847 803 1902 sctum
825 1846 873 1902 est
887 1838 1028 1920 itinered,
1049 1849 1193 1905 ιιιιιιιιιιο

65 1944 106 1986 ea
141 1942 226 2020 quae
285 1942 400 1985 omano
431 1920 527 2007 plena
559 1922 623 1986 sint
653 1919 770 1986 rubore
803 1931 835 1985 et
862 1921 1043 1987 infortunio.
1093 1923 1195 1988 Periit

66 2027 214 2070 maxima
234 2026 277 2069 ex
297 2014 388 2091 perte
419 2003 659 2070 innumerabilis
686 2002 739 2070 ille
769 2016 943 2071 conventus
969 2006 1063 2090 fame,
1092 2016 1192 2092 peste,

65 2111 272 2176 paganorum
292 2087 416 2175 gladio,
438 2088 569 2175 plurimi
583 2088 730 2154 aTurois
752 2088 981 2156 etSarracenis
1002 2091 1099 2178 capti,
1120 2090 1196 2156 feda

67 2175 224 2239 servitute
246 2182 278 2240 et
297 2171 433 2237 vinculis
455 2183 697 2238 consenuerunt.
741 2171 852 2237 Solum
872 2173 1081 2257 Damascum,
1103 2173 1193 2239 nobi-

70 2316 276 2328 ᾖ·-

440 2353 607 2406 Recensio
627 2353 669 2404 II.
690 2355 783 2409 codd.
802 2355 837 2406 B.

65 2446 273 2515 proficiscuntur
292 2463 364 2498 cum
383 2446 573 2498 innumerabili
591 2444 817 2498 multitudine
837 2447 997 2500 bellatorum
1011 2450 1189 2520 equestris

70 2526 103 2571 et
126 2521 305 2586 pedestris
329 2514 529 2584 exereitusf,
554 2520 663 2570 accensi
690 2520 844 2571 desiderioss
870 2521 951 2572 eundi
969 2523 996 2572 in
1017 2522 1192 2586 iherusalem,

68 2595 180 2646 visitare
204 2593 374 2661 sepulchrum
394 2595 503 2644 Domini
529 2608 562 2642 ac
588 2592 717 2644 dimicare
741 2599 835 2644 contra
859 2599 955 2659 gentes
974 2610 1043 2662 quae
1067 2597 1192 2662 ignorant

70 2667 159 2718 Deum
186 2674 213 2719 et
238 2667 351 2718 dilatare
369 2662 518 2718 ιθιιιιίιιοι11
540 2666 676 2717 christiani
694 2668 800 2733 imperii
818 2669 848 2717 in
866 2669 985 2720 Oriente.
1023 2669 1111 2720 Huius
1129 2671 1191 2720 viae

71 2746 195 2792 suctores
226 2743 341 2794 maxime
372 2741 478 2791 fuerunt
500 2738 654 2791 Bernartius
680 2740 764 2791 abbas
789 2739 997 2792 clarevallensis
1029 2749 1056 2793 et
1080 2744 1190 2808 quitiam

71 2815 218 2866 menachus
237 2816 343 2865 nomine
362 2808 518 2865 Redolfesi.
557 2814 637 2878 Ergo,
656 2817 686 2864 ut
706 2813 829 2877 diximus,
848 2829 901 2865 non
921 2814 1007 2865 solnm
1026 2812 1139 2882 plebeilK
1163 2822 1191 2867 et

71 2888 179 2948 milites,
197 2887 246 2938 sed
266 2893 293 2937 et
311 2887 505 2938 aecclesiarum
523 2886 666 2937 multarum
685 2887 825 2951 antistites,
846 2887 937 2949 duces,
958 2891 1078 2953 comites,
1091 2891 1189 2956 princi-

1 3021 2 3026 ,
71 2976 127 3027 pes,
146 2963 199 3027 ipsi
220 2962 299 3011 etiam
318 2976 396 3026 reges
415 2961 443 3010 in
461 2961 532 3010 hanc
552 2975 581 3010 se
601 2959 799 3026 expeditionem
820 2957 1015 3013 contuleruntl.
1041 2963 1099 3014 Nec
1124 2978 1187 3014 vero

1 3047 2 3064 ι
73 3034 276 3101 aliquispoterit
296 3033 414 3096 credere,
435 3038 563 3099 quantam
582 3033 718 3083 hominum
738 3033 879 3084 multitudo
900 3049 960 3085 cum
980 3036 1018 3087 eis
1039 3041 1065 3086 et
1078 3051 1129 3107 per
1142 3052 1189 3088 eos

74 3107 189 3158 adunata
214 3109 256 3159 sit.
298 3107 359 3158 Non
384 3107 419 3157 ad
444 3106 577 3156 excidium
603 3107 681 3156 Trois
708 3112 810 3157 tantam
836 3107 934 3158 Grecis
960 3107 1082 3160 militiam
1109 3111 1189 3172 misit,

73 3195 216 3246 numquam
235 3180 311 3232 Oirus
337 3187 404 3230 rex¹¹
430 3185 507 3230 tants
532 3180 667 3230 hominum
690 3179 806 3230 vallatus
833 3185 874 3231 est
900 3182 968 3232 acie.
1015 3183 1050 3232 Et
1069 3182 1122 3233 heu
1139 3198 1188 3249 pro

75 3253 158 3306 dolori
179 3269 232 3320 quo
251 3253 340 3319 plures
360 3259 387 3304 et
405 3253 527 3304 tortiores
541 3259 625 3316 erant,
639 3268 670 3303 eo
684 3253 786 3304 minora
798 3255 904 3305 virtutis
919 3253 1052 3321 reliquere
1064 3257 1188 3321 vestigia.

4 3361 7 3383 .
73 3327 117 3377 Nil
135 3326 207 3394 quod
226 3327 311 3392 Regis
333 3327 446 3378 Oronice
467 3326 578 3392 dignum
596 3327 632 3377 sit
650 3327 758 3393 inprimi
777 3327 829 3377 hoc
847 3333 938 3378 ectum
959 3334 999 3379 est
1011 3330 1116 3392 itinere,
1129 3335 1188 3380 ten-

74 3407 126 3451 ιιιιιι
145 3416 178 3451 es
198 3401 379 3466 queRomano
399 3399 480 3466 piena
499 3401 553 3450 sint
570 3399 667 3450 rubore
687 3405 715 3450 et
732 3399 885 3452 infortunio.
915 3401 999 3452 Periit
1017 3403 1134 3452 maxima
1155 3416 1188 3452 ex

76 3479 146 3540 purte
164 3473 365 3525 innumerabilis
383 3473 430 3524 ille
451 3478 597 3525 conventus
616 3472 696 3535 fame,
715 3479 800 3540 peste,
819 3489 985 3540 paganorum
1004 3474 1105 3539 gladio,
1128 3474 1187 3542 plu·

75 3548 131 3597 rimi
148 3547 287 3598 a⁰Turcis
306 3553 333 3598 et
352 3547 508 3599 sarracenis
528 3547 610 3613 capti,
629 3544 693 3596 teda
712 3547 839 3597 servitute
859 3553 887 3598 et
905 3547 1020 3599 vinculis
1040 3563 1186 3600 consenue-

77 3708 208 3762 siiiexAt.
230 3707 538 3762 emmeramensis.
559 3708 700 3762 e)v.r.A1.
725 3707 748 3761 d)
761 3710 879 3751 initril.
912 3708 1185 3763 s)tsntsutridsturAl,

77 3767 193 3820 :noeros
209 3771 297 3810 omuino
312 3770 447 3820 transposita
461 3775 513 3810 suat
528 3771 553 3810 irs
567 3770 613 3810 eod.
622 3769 726 3821 ohaam
738 3774 789 3818 post
803 3769 880 3809 verbu:
904 3774 1018 3820 equestris
1034 3777 1057 3812 et
1072 3773 1185 3822 pedestris

77 3830 184 3868 exereitus
198 3834 319 3878 sequantur
334 3830 397 3869 haec:
414 3831 486 3869 Facta
507 3833 542 3870 est
564 3833 586 3868 et
606 3829 698 3869 navalis
720 3829 838 3878 expeditio
862 3830 887 3869 in
903 3831 1048 3883 Hyspsniam
1068 3833 1098 3872 sd
1113 3832 1188 3874 Ulixi-

3 3903 4 3934 ς
78 3887 153 3927 bonam
174 3889 290 3930 civitatem
312 3889 491 3928 munitissimam
512 3889 537 3928 in
558 3891 636 3928 monte
656 3889 756 3938 positam
779 3888 838 3928 mari
861 3889 991 3942 adiacente,
1006 3891 1047 3930 nbi
1067 3892 1126 3931 miro
1141 3891 1187 3930 Dei

3 3963 5 3980 ι
78 3947 157 3986 anxilio
172 3951 240 3997 cepta
255 3947 319 3999 urbs,
334 3947 470 3988 Sarracenis
486 3947 569 3988 ecelsis
584 3950 608 3986 et
629 3947 717 3998 eiectis,
733 3947 891 3988 Tenthonious
914 3952 1029 3991 exercitus
1045 3959 1137 3990 omnem
1153 3959 1187 3990 re·

79 4006 162 4054 monem
178 4006 378 4047 circumlucentem
400 4007 505 4046 obtinent
526 4009 549 4046 et
569 4006 662 4055 incolit;
688 4007 850 4056 subiunguntur
870 4008 903 4046 tis
925 4013 1017 4048 satreoru
1040 4009 1105 4048 tatur
1119 4009 1187 4049 carri:

78 4065 157 4104 Eodem
171 4068 275 4115 tempore
288 4066 411 4105 Heinricus
428 4067 474 4106 dux
490 4065 608 4106 Euenum
625 4086 651 4095 —
677 4065 776 4106 domnus
792 4064 924 4106 Gerendus
940 4067 1012 4108 abbas
1027 4068 1096 4118 obiit;
1111 4067 1187 4108 &aas

77 4124 177 4172 misr:
195 4125 229 4166 12.
237 4125 282 4166 An.
291 4127 320 4166 D.
335 4125 400 4166 1149.
415 4125 617 4174 sequestreris:
634 4125 713 4164 multis
728 4125 821 4164 claruit.
853 4125 935 4166 Deinde
949 4128 1047 4178 aeacus
1061 4128 1111 4177 ipsu
1132 4136 1185 4166 aar·

79 4185 130 4222 ratio
144 4184 295 4233 eepeairiona:
312 4184 405 4224 accensi
421 4184 537 4224 desiderio
553 4188 591 4223 eto.
610 4205 636 4214 -
652 4184 714 4233 sputi
736 4183 885 4225 Ulixibonsm
906 4187 1025 4228 miraculis
1041 4186 1186 4236 claruerunt;

79 4243 230 4282 insinceritas
244 4245 316 4284 iosus:
332 4243 385 4284 Istis
400 4243 479 4283 taliter
493 4243 589 4294 patratis
614 4265 639 4273 -
663 4253 774 4292 prospero
790 4244 961 4292 applicuerunt.
1037 4243 1060 4296 g)
1081 4244 1186 4286 accensis

81 4301 189 4344 desideriis
206 4303 249 4344 02.
280 4300 304 4354 h)
321 4313 375 4343 snos
390 4303 440 4342 cdd.
457 4303 499 4342 02.
531 4301 548 4354 1)
558 4301 669 4342 Redolius
686 4302 729 4341 01.
761 4299 928 4353 k)pleb1101.
959 4302 1126 4356 preceperunt
1143 4303 1184 4345 08.

81 4361 108 4414 ιιι)
123 4353 172 4415 quie
190 4362 232 4403 01.
294 4361 318 4414 n)
336 4373 377 4402 rex
392 4361 459 4404 cirus
476 4361 521 4402 02.
582 4358 604 4411 o)
621 4361 724 4411 plurima
739 4361 822 4402 'ruscis
838 4362 865 4404 Β.
884 4362 904 4403 0.

912 4435 953 4499 6,..
