<?xml version="1.0" encoding="UTF-8"?>
<!DOCTYPE html PUBLIC "-//W3C//DTD XHTML 1.0 Transitional//EN"
    "http://www.w3.org/TR/xhtml1/DTD/xhtml1-transitional.dtd">
<html xmlns="http://www.w3.org/1999/xhtml" xml:lang="en" lang="en">
 <head>
  <title>
</title>
<meta http-equiv="Content-Type" content="text/html;charset=utf-8" />
  <meta name='ocr-system' content='tesseract 3.04.00' />
  <meta name='ocr-capabilities' content='ocr_page ocr_carea ocr_par ocr_line ocrx_word'/>
</head>
<body>
  <div class='ocr_page' id='page_1' title='image "./chronicaregiaco01waitgoog_0275.png"; bbox 0 0 2934 4998; ppageno 0'>
   <div class='ocr_carea' id='block_1_1' title="bbox 130 435 1170 491">
    <p class='ocr_par' dir='ltr' id='par_1_1' title="bbox 130 435 1170 491">
     <span class='ocr_line' id='line_1_1' title="bbox 130 435 1170 491; baseline -0.002 -2"><span class='ocrx_word' id='word_1_1' title='bbox 130 437 329 490; x_wconf 83' lang='lat' dir='ltr'><strong>CHRONIGA</strong></span> <span class='ocrx_word' id='word_1_2' title='bbox 347 436 461 489; x_wconf 79' lang='lat' dir='ltr'><strong>REGIA</strong></span> <span class='ocrx_word' id='word_1_3' title='bbox 482 435 725 490; x_wconf 79' lang='lat' dir='ltr'>COLONIENSIS</span> <span class='ocrx_word' id='word_1_4' title='bbox 756 437 859 491; x_wconf 81' lang='lat' dir='ltr'><strong>CONT.</strong></span> <span class='ocrx_word' id='word_1_5' title='bbox 869 438 923 489; x_wconf 91' lang='lat'>111.</span> <span class='ocrx_word' id='word_1_6' title='bbox 943 438 974 489; x_wconf 79' lang='lat' dir='ltr'><strong>A.</strong></span> <span class='ocrx_word' id='word_1_7' title='bbox 988 438 1067 488; x_wconf 77' lang='lat'><strong>1217.</strong></span> <span class='ocrx_word' id='word_1_8' title='bbox 1117 437 1170 488; x_wconf 74' lang='lat'><strong>248</strong></span> 
     </span>
    </p>
   </div>
   <div class='ocr_carea' id='block_1_2' title="bbox 32 611 1291 1562">
    <p class='ocr_par' dir='ltr' id='par_1_2' title="bbox 454 611 770 664">
     <span class='ocr_line' id='line_1_2' title="bbox 454 611 770 664; baseline 0.003 -2"><span class='ocrx_word' id='word_1_9' title='bbox 454 612 615 663; x_wconf 80' lang='lat' dir='ltr'><strong>Berensio</strong></span> <span class='ocrx_word' id='word_1_10' title='bbox 635 611 659 662; x_wconf 94' lang='lat' dir='ltr'><strong>I.</strong></span> <span class='ocrx_word' id='word_1_11' title='bbox 679 621 708 664; x_wconf 85' lang='lat' dir='ltr'><strong>et</strong></span> <span class='ocrx_word' id='word_1_12' title='bbox 727 612 770 663; x_wconf 90' lang='lat' dir='ltr'><strong>II.</strong></span> 
     </span>
    </p>

    <p class='ocr_par' dir='ltr' id='par_1_3' title="bbox 32 684 1291 1341">
     <span class='ocr_line' id='line_1_3' title="bbox 34 684 1245 750; baseline -0.002 -14"><span class='ocrx_word' id='word_1_13' title='bbox 34 690 179 737; x_wconf 89' lang='lat' dir='ltr'><strong>venerunt</strong></span> <span class='ocrx_word' id='word_1_14' title='bbox 201 685 386 746; x_wconf 69' lang='lat' dir='ltr'>Bethsaidam,</span> <span class='ocrx_word' id='word_1_15' title='bbox 405 686 452 737; x_wconf 92' lang='lat' dir='ltr'><strong>ubi</strong></span> <span class='ocrx_word' id='word_1_16' title='bbox 472 691 561 736; x_wconf 89' lang='lat' dir='ltr'><strong>castra</strong></span> <span class='ocrx_word' id='word_1_17' title='bbox 579 685 673 736; x_wconf 86' lang='lat' dir='ltr'><strong>fixerat</strong></span> <span class='ocrx_word' id='word_1_18' title='bbox 692 687 869 736; x_wconf 85' lang='lat' dir='ltr'><strong>adversarius.</strong></span> <span class='ocrx_word' id='word_1_19' title='bbox 899 684 952 736; x_wconf 87' lang='lat' dir='ltr'><strong>Sed</strong></span> <span class='ocrx_word' id='word_1_20' title='bbox 971 687 1049 736; x_wconf 84' lang='lat' dir='ltr'><strong>trium</strong></span> <span class='ocrx_word' id='word_1_21' title='bbox 1069 701 1169 750; x_wconf 85' lang='lat' dir='ltr'><strong>regum,</strong></span> <span class='ocrx_word' id='word_1_22' title='bbox 1183 692 1245 737; x_wconf 64' lang='lat' dir='ltr'><strong>oua*</strong></span> 
     </span>
     <span class='ocr_line' id='line_1_4' title="bbox 32 759 1170 826; baseline -0.003 -15"><span class='ocrx_word' id='word_1_23' title='bbox 32 761 186 825; x_wconf 84' lang='lat' dir='ltr'><strong>Ungariae</strong></span> <span class='ocrx_word' id='word_1_24' title='bbox 216 759 330 823; x_wconf 87' lang='lat' dir='ltr'><strong>scilicet,</strong></span> <span class='ocrx_word' id='word_1_25' title='bbox 357 759 583 810; x_wconf 88' lang='lat' dir='ltr'><strong>lherosolimitani</strong></span> <span class='ocrx_word' id='word_1_26' title='bbox 603 766 629 810; x_wconf 91' lang='lat' dir='ltr'><strong>et</strong></span> <span class='ocrx_word' id='word_1_27' title='bbox 653 759 736 826; x_wconf 84' lang='lat' dir='ltr'><strong>cipri,</strong></span> <span class='ocrx_word' id='word_1_28' title='bbox 760 775 813 810; x_wconf 91' lang='lat' dir='ltr'><strong>non</strong></span> <span class='ocrx_word' id='word_1_29' title='bbox 838 760 972 809; x_wconf 89' lang='lat' dir='ltr'><strong>sustinens</strong></span> <span class='ocrx_word' id='word_1_30' title='bbox 999 761 1170 825; x_wconf 85' lang='lat' dir='ltr'><strong>presentiam,</strong></span> 
     </span>
     <span class='ocr_line' id='line_1_5' title="bbox 33 831 1170 900; baseline -0.002 -16"><span class='ocrx_word' id='word_1_31' title='bbox 33 835 158 900; x_wconf 79' lang='lat' dir='ltr'>fugiens,</span> <span class='ocrx_word' id='word_1_32' title='bbox 181 839 282 884; x_wconf 88' lang='lat' dir='ltr'><strong>terram</strong></span> <span class='ocrx_word' id='word_1_33' title='bbox 301 833 459 884; x_wconf 88' lang='lat' dir='ltr'><strong>vastandam</strong></span> <span class='ocrx_word' id='word_1_34' title='bbox 488 833 639 883; x_wconf 87' lang='lat' dir='ltr'><strong>christianis</strong></span> <span class='ocrx_word' id='word_1_35' title='bbox 664 832 781 898; x_wconf 87' lang='lat' dir='ltr'><strong>reliquit.</strong></span> <span class='ocrx_word' id='word_1_36' title='bbox 818 832 895 882; x_wconf 85' lang='lat' dir='ltr'>Unde</span> <span class='ocrx_word' id='word_1_37' title='bbox 920 831 1062 882; x_wconf 74' lang='lat' dir='ltr'>Iordanem</span> <span class='ocrx_word' id='word_1_38' title='bbox 1086 841 1170 883; x_wconf 86' lang='lat' dir='ltr'><strong>trans-</strong></span> 
     </span>
     <span class='ocr_line' id='line_1_6' title="bbox 35 904 1291 972; baseline -0.005 -14"><span class='ocrx_word' id='word_1_39' title='bbox 35 914 136 958; x_wconf 89' lang='lat' dir='ltr'><strong>euntes</strong></span> <span class='ocrx_word' id='word_1_40' title='bbox 163 909 197 956; x_wconf 89' lang='lat' dir='ltr'><strong>in</strong></span> <span class='ocrx_word' id='word_1_41' title='bbox 219 907 314 972; x_wconf 80' lang='lat' dir='ltr'><strong>vigilia</strong></span> <span class='ocrx_word' id='word_1_42' title='bbox 337 909 424 958; x_wconf 89' lang='lat' dir='ltr'><strong>sancti</strong></span> <span class='ocrx_word' id='word_1_43' title='bbox 443 907 561 968; x_wconf 85' lang='lat' dir='ltr'><strong>Martini,</strong></span> <span class='ocrx_word' id='word_1_44' title='bbox 581 921 693 972; x_wconf 89' lang='lat' dir='ltr'><strong>corpora</strong></span> <span class='ocrx_word' id='word_1_45' title='bbox 715 922 764 957; x_wconf 88' lang='lat' dir='ltr'><strong>sua</strong></span> <span class='ocrx_word' id='word_1_46' title='bbox 790 904 903 972; x_wconf 84' lang='lat' dir='ltr'><strong>pacifice</strong></span> <span class='ocrx_word' id='word_1_47' title='bbox 928 906 1059 969; x_wconf 88' lang='lat' dir='ltr'><strong>laverunt,</strong></span> <span class='ocrx_word' id='word_1_48' title='bbox 1085 912 1112 956; x_wconf 90' lang='lat' dir='ltr'><strong>et</strong></span> <span class='ocrx_word' id='word_1_49' title='bbox 1130 910 1236 955; x_wconf 73' lang='lat' dir='ltr'><strong>ream.</strong></span> <span class='ocrx_word' id='word_1_50' title='bbox 1253 911 1291 952; x_wconf 81' lang='grc' dir='ltr'><strong>ιο.</strong></span> 
     </span>
     <span class='ocr_line' id='line_1_7' title="bbox 34 977 1172 1048; baseline -0.004 -16"><span class='ocrx_word' id='word_1_51' title='bbox 34 983 209 1048; x_wconf 86' lang='lat' dir='ltr'><strong>quieverunt</strong></span> <span class='ocrx_word' id='word_1_52' title='bbox 227 997 275 1047; x_wconf 88' lang='lat' dir='ltr'><strong>per</strong></span> <span class='ocrx_word' id='word_1_53' title='bbox 293 980 457 1043; x_wconf 71' lang='lat' dir='ltr'><strong>triduum⁸;</strong></span> <span class='ocrx_word' id='word_1_54' title='bbox 477 979 574 1030; x_wconf 89' lang='lat' dir='ltr'><strong>deinde</strong></span> <span class='ocrx_word' id='word_1_55' title='bbox 594 996 671 1030; x_wconf 91' lang='lat' dir='ltr'><strong>secus</strong></span> <span class='ocrx_word' id='word_1_56' title='bbox 690 979 754 1030; x_wconf 89' lang='lat' dir='ltr'><strong>litus</strong></span> <span class='ocrx_word' id='word_1_57' title='bbox 772 980 852 1029; x_wconf 89' lang='lat' dir='ltr'><strong>maris</strong></span> <span class='ocrx_word' id='word_1_58' title='bbox 877 977 999 1030; x_wconf 83' lang='lat' dir='ltr'><strong>Galileae</strong></span> <span class='ocrx_word' id='word_1_59' title='bbox 1024 985 1079 1029; x_wconf 88' lang='lat' dir='ltr'><strong>tres</strong></span> <span class='ocrx_word' id='word_1_60' title='bbox 1097 995 1172 1028; x_wconf 88' lang='lat' dir='ltr'><strong>man-</strong></span> 
     </span>
     <span class='ocr_line' id='line_1_8' title="bbox 34 1047 1172 1120; baseline -0.002 -14"><span class='ocrx_word' id='word_1_61' title='bbox 34 1057 131 1106; x_wconf 86' lang='lat' dir='ltr'><strong>siones</strong></span> <span class='ocrx_word' id='word_1_62' title='bbox 152 1055 282 1104; x_wconf 82' lang='lat' dir='ltr'><strong>iecerunt</strong></span> <span class='ocrx_word' id='word_1_63' title='bbox 299 1060 472 1120; x_wconf 81' lang='lat' dir='ltr'><strong>peragrantes</strong></span> <span class='ocrx_word' id='word_1_64' title='bbox 494 1047 609 1120; x_wconf 73' lang='lat' dir='ltr'><strong>[locab],</strong></span> <span class='ocrx_word' id='word_1_65' title='bbox 629 1055 656 1103; x_wconf 92' lang='lat' dir='ltr'><strong>in</strong></span> <span class='ocrx_word' id='word_1_66' title='bbox 677 1053 773 1119; x_wconf 91' lang='lat' dir='ltr'><strong>quibus</strong></span> <span class='ocrx_word' id='word_1_67' title='bbox 793 1052 916 1103; x_wconf 76' lang='lat' dir='ltr'><strong>Salvator</strong></span> <span class='ocrx_word' id='word_1_68' title='bbox 936 1059 1106 1104; x_wconf 85' lang='lat' dir='ltr'><strong>conversatus</strong></span> <span class='ocrx_word' id='word_1_69' title='bbox 1123 1058 1172 1115; x_wconf 88' lang='lat' dir='ltr'><strong>est,</strong></span> 
     </span>
     <span class='ocr_line' id='line_1_9' title="bbox 36 1125 1172 1195; baseline -0.004 -16"><span class='ocrx_word' id='word_1_70' title='bbox 36 1129 215 1195; x_wconf 77' lang='lat' dir='ltr'><strong>aspicientes</strong></span> <span class='ocrx_word' id='word_1_71' title='bbox 240 1128 415 1178; x_wconf 87' lang='lat' dir='ltr'><strong>Bethsaidam</strong></span> <span class='ocrx_word' id='word_1_72' title='bbox 424 1133 446 1190; x_wconf 79' lang='lat'><strong>0,</strong></span> <span class='ocrx_word' id='word_1_73' title='bbox 473 1128 609 1177; x_wconf 89' lang='lat' dir='ltr'><strong>civitatem</strong></span> <span class='ocrx_word' id='word_1_74' title='bbox 637 1126 762 1177; x_wconf 82' lang='lat' dir='ltr'><strong>Andreae</strong></span> <span class='ocrx_word' id='word_1_75' title='bbox 782 1132 809 1176; x_wconf 88' lang='lat' dir='ltr'><strong>et</strong></span> <span class='ocrx_word' id='word_1_76' title='bbox 827 1127 909 1189; x_wconf 90' lang='lat' dir='ltr'><strong>Petri,</strong></span> <span class='ocrx_word' id='word_1_77' title='bbox 933 1141 1004 1176; x_wconf 92' lang='lat' dir='ltr'><strong>nunc</strong></span> <span class='ocrx_word' id='word_1_78' title='bbox 1029 1127 1057 1175; x_wconf 91' lang='lat' dir='ltr'><strong>in</strong></span> <span class='ocrx_word' id='word_1_79' title='bbox 1083 1125 1172 1176; x_wconf 87' lang='lat' dir='ltr'><strong>casale</strong></span> 
     </span>
     <span class='ocr_line' id='line_1_10' title="bbox 38 1197 1172 1266; baseline -0.003 -14"><span class='ocrx_word' id='word_1_80' title='bbox 38 1201 184 1252; x_wconf 88' lang='lat' dir='ltr'><strong>modicum</strong></span> <span class='ocrx_word' id='word_1_81' title='bbox 213 1201 359 1252; x_wconf 88' lang='lat' dir='ltr'><strong>redactam.</strong></span> <span class='ocrx_word' id='word_1_82' title='bbox 410 1201 601 1251; x_wconf 85' lang='lat' dir='ltr'><strong>Demonstrata</strong></span> <span class='ocrx_word' id='word_1_83' title='bbox 625 1206 687 1250; x_wconf 92' lang='lat' dir='ltr'><strong>sunt</strong></span> <span class='ocrx_word' id='word_1_84' title='bbox 710 1200 781 1259; x_wconf 90' lang='lat' dir='ltr'><strong>loca,</strong></span> <span class='ocrx_word' id='word_1_85' title='bbox 806 1199 852 1249; x_wconf 91' lang='lat' dir='ltr'><strong>nbi</strong></span> <span class='ocrx_word' id='word_1_86' title='bbox 878 1199 999 1250; x_wconf 83' lang='lat' dir='ltr'><strong>Christus</strong></span> <span class='ocrx_word' id='word_1_87' title='bbox 1026 1197 1172 1266; x_wconf 91' lang='lat' dir='ltr'><strong>discipulos</strong></span> 
     </span>
     <span class='ocr_line' id='line_1_11' title="bbox 37 1272 1173 1341; baseline -0.004 -15"><span class='ocrx_word' id='word_1_88' title='bbox 37 1277 154 1327; x_wconf 85' lang='lat' dir='ltr'><strong>vocavit</strong></span> <span class='ocrx_word' id='word_1_89' title='bbox 176 1280 207 1326; x_wconf 88' lang='lat' dir='ltr'><strong>et</strong></span> <span class='ocrx_word' id='word_1_90' title='bbox 226 1289 306 1341; x_wconf 88' lang='lat' dir='ltr'><strong>supra</strong></span> <span class='ocrx_word' id='word_1_91' title='bbox 325 1289 397 1324; x_wconf 90' lang='lat' dir='ltr'><strong>mare</strong></span> <span class='ocrx_word' id='word_1_92' title='bbox 424 1275 505 1324; x_wconf 87' lang='lat' dir='ltr'><strong>siccis</strong></span> <span class='ocrx_word' id='word_1_93' title='bbox 529 1272 643 1340; x_wconf 89' lang='lat' dir='ltr'><strong>pedibus</strong></span> <span class='ocrx_word' id='word_1_94' title='bbox 669 1273 832 1335; x_wconf 82' lang='lat' dir='ltr'><strong>ambulavit3</strong></span> <span class='ocrx_word' id='word_1_95' title='bbox 859 1273 992 1322; x_wconf 86' lang='lat' dir='ltr'><strong>desertum</strong></span> <span class='ocrx_word' id='word_1_96' title='bbox 1011 1274 1173 1324; x_wconf 87' lang='lat' dir='ltr'><strong>transierunt</strong></span> 
     </span>
    </p>

    <p class='ocr_par' dir='ltr' id='par_1_4' title="bbox 39 1344 1176 1562">
     <span class='ocr_line' id='line_1_12' title="bbox 40 1344 1172 1413; baseline -0.003 -14"><span class='ocrx_word' id='word_1_97' title='bbox 40 1354 68 1399; x_wconf 88' lang='lat' dir='ltr'><strong>et</strong></span> <span class='ocrx_word' id='word_1_98' title='bbox 86 1349 154 1399; x_wconf 84' lang='lat' dir='ltr'><strong>loca</strong></span> <span class='ocrx_word' id='word_1_99' title='bbox 175 1348 224 1398; x_wconf 89' lang='lat' dir='ltr'><strong>ubi</strong></span> <span class='ocrx_word' id='word_1_100' title='bbox 243 1349 374 1398; x_wconf 81' lang='lat' dir='ltr'>Dominus</span> <span class='ocrx_word' id='word_1_101' title='bbox 394 1347 484 1398; x_wconf 88' lang='lat' dir='ltr'><strong>turbas</strong></span> <span class='ocrx_word' id='word_1_102' title='bbox 504 1348 579 1413; x_wconf 91' lang='lat' dir='ltr'><strong>pavit</strong></span> <span class='ocrx_word' id='word_1_103' title='bbox 598 1352 625 1396; x_wconf 93' lang='lat' dir='ltr'><strong>et</strong></span> <span class='ocrx_word' id='word_1_104' title='bbox 649 1346 695 1397; x_wconf 91' lang='lat' dir='ltr'><strong>nbi</strong></span> <span class='ocrx_word' id='word_1_105' title='bbox 722 1363 781 1397; x_wconf 90' lang='lat' dir='ltr'><strong>cum</strong></span> <span class='ocrx_word' id='word_1_106' title='bbox 803 1344 941 1413; x_wconf 81' lang='lat' dir='ltr'><strong>discipulis</strong></span> <span class='ocrx_word' id='word_1_107' title='bbox 960 1352 1021 1412; x_wconf 90' lang='lat' dir='ltr'><strong>post</strong></span> <span class='ocrx_word' id='word_1_108' title='bbox 1039 1361 1172 1396; x_wconf 88' lang='lat' dir='ltr'><strong>resurrec-</strong></span> 
     </span>
     <span class='ocr_line' id='line_1_13' title="bbox 39 1418 1174 1487; baseline -0.004 -14"><span class='ocrx_word' id='word_1_109' title='bbox 39 1425 145 1473; x_wconf 81' lang='lat' dir='ltr'><strong>tionem</strong></span> <span class='ocrx_word' id='word_1_110' title='bbox 168 1421 353 1484; x_wconf 88' lang='lat' dir='ltr'><strong>manducavit,</strong></span> <span class='ocrx_word' id='word_1_111' title='bbox 374 1428 401 1471; x_wconf 87' lang='lat' dir='ltr'><strong>et</strong></span> <span class='ocrx_word' id='word_1_112' title='bbox 426 1422 465 1471; x_wconf 84' lang='lat' dir='ltr'><strong>sic</strong></span> <span class='ocrx_word' id='word_1_113' title='bbox 491 1436 539 1487; x_wconf 86' lang='lat' dir='ltr'><strong>per</strong></span> <span class='ocrx_word' id='word_1_114' title='bbox 559 1420 755 1486; x_wconf 83' lang='lat' dir='ltr'><strong>Capharnaum,</strong></span> <span class='ocrx_word' id='word_1_115' title='bbox 775 1422 803 1469; x_wconf 91' lang='lat' dir='ltr'><strong>in</strong></span> <span class='ocrx_word' id='word_1_116' title='bbox 828 1420 954 1470; x_wconf 89' lang='lat' dir='ltr'><strong>iumentis</strong></span> <span class='ocrx_word' id='word_1_117' title='bbox 973 1418 1092 1470; x_wconf 88' lang='lat' dir='ltr'><strong>infirmos</strong></span> <span class='ocrx_word' id='word_1_118' title='bbox 1111 1433 1174 1470; x_wconf 89' lang='lat' dir='ltr'><strong>suos</strong></span> 
     </span>
     <span class='ocr_line' id='line_1_14' title="bbox 41 1493 1176 1562; baseline -0.003 -16"><span class='ocrx_word' id='word_1_119' title='bbox 41 1500 201 1562; x_wconf 85' lang='lat' dir='ltr'><strong>portantes,</strong></span> <span class='ocrx_word' id='word_1_120' title='bbox 220 1497 321 1545; x_wconf 89' lang='lat' dir='ltr'><strong>reversi</strong></span> <span class='ocrx_word' id='word_1_121' title='bbox 346 1500 408 1545; x_wconf 91' lang='lat' dir='ltr'><strong>suut</strong></span> <span class='ocrx_word' id='word_1_122' title='bbox 426 1495 533 1545; x_wconf 71' lang='lat' dir='ltr'><strong>acaron</strong></span> <span class='ocrx_word' id='word_1_123' title='bbox 552 1509 612 1544; x_wconf 88' lang='lat' dir='ltr'><strong>cum</strong></span> <span class='ocrx_word' id='word_1_124' title='bbox 636 1494 720 1559; x_wconf 89' lang='lat' dir='ltr'><strong>preda</strong></span> <span class='ocrx_word' id='word_1_125' title='bbox 744 1509 777 1542; x_wconf 89' lang='lat' dir='ltr'><strong>ac</strong></span> <span class='ocrx_word' id='word_1_126' title='bbox 805 1493 974 1543; x_wconf 89' lang='lat' dir='ltr'><strong>multitudine</strong></span> <span class='ocrx_word' id='word_1_127' title='bbox 1000 1494 1176 1560; x_wconf 78' lang='lat' dir='ltr'><strong>captivorum.</strong></span> 
     </span>
    </p>
   </div>
   <div class='ocr_carea' id='block_1_3' title="bbox 40 1557 1175 1794">
    <p class='ocr_par' dir='ltr' id='par_1_5' title="bbox 40 1557 1175 1794">
     <span class='ocr_line' id='line_1_15' title="bbox 40 1557 1174 1642; baseline -0.003 -17"><span class='ocrx_word' id='word_1_128' title='bbox 40 1575 190 1626; x_wconf 89' lang='lat' dir='ltr'><strong>Deinde</strong></span> <span class='ocrx_word' id='word_1_129' title='bbox 205 1574 740 1642; x_wconf 84' lang='lat' dir='ltr'><strong>admontemTaborpervenerunt‚</strong></span> <span class='ocrx_word' id='word_1_130' title='bbox 752 1558 826 1623; x_wconf 86' lang='lat' dir='ltr'><strong>ubil</strong></span> <span class='ocrx_word' id='word_1_131' title='bbox 841 1557 1022 1625; x_wconf 82' lang='lat' dir='ltr'><strong>Ooradinus</strong></span> <span class='ocrx_word' id='word_1_132' title='bbox 1033 1571 1174 1624; x_wconf 73' lang='lat' dir='ltr'><strong>castrum</strong></span> 
     </span>
     <span class='ocr_line' id='line_1_16' title="bbox 41 1642 1175 1731; baseline -0.002 -23"><span class='ocrx_word' id='word_1_133' title='bbox 41 1647 262 1710; x_wconf 85' lang='lat' dir='ltr'><strong>fortissimum</strong></span> <span class='ocrx_word' id='word_1_134' title='bbox 278 1668 353 1709; x_wconf 86' lang='lat' dir='ltr'><strong>oum</strong></span> <span class='ocrx_word' id='word_1_135' title='bbox 369 1646 571 1731; x_wconf 82' lang='lat' dir='ltr'><strong>septuaginta</strong></span> <span class='ocrx_word' id='word_1_136' title='bbox 587 1654 710 1729; x_wconf 86' lang='lat' dir='ltr'><strong>septem</strong></span> <span class='ocrx_word' id='word_1_137' title='bbox 731 1642 873 1708; x_wconf 88' lang='lat' dir='ltr'><strong>turribus</strong></span> <span class='ocrx_word' id='word_1_138' title='bbox 895 1652 1127 1726; x_wconf 85' lang='lat' dir='ltr'><strong>construxerat,</strong></span> <span class='ocrx_word' id='word_1_139' title='bbox 1143 1652 1175 1707; x_wconf 90' lang='lat' dir='ltr'><strong>et</strong></span> 
     </span>
     <span class='ocr_line' id='line_1_17' title="bbox 45 1726 1173 1794; baseline -0.004 0"><span class='ocrx_word' id='word_1_140' title='bbox 45 1729 109 1794; x_wconf 87' lang='lat' dir='ltr'><strong>duo</strong></span> <span class='ocrx_word' id='word_1_141' title='bbox 121 1730 218 1794; x_wconf 86' lang='lat' dir='ltr'><strong>milia</strong></span> <span class='ocrx_word' id='word_1_142' title='bbox 227 1730 458 1794; x_wconf 86' lang='lat' dir='ltr'><strong>conductorum</strong></span> <span class='ocrx_word' id='word_1_143' title='bbox 466 1728 619 1792; x_wconf 63' lang='lat' dir='ltr'><strong>militumi</strong></span> <span class='ocrx_word' id='word_1_144' title='bbox 627 1729 668 1792; x_wconf 89' lang='lat' dir='ltr'><strong>ad</strong></span> <span class='ocrx_word' id='word_1_145' title='bbox 680 1728 894 1792; x_wconf 89' lang='lat' dir='ltr'><strong>resistendum</strong></span> <span class='ocrx_word' id='word_1_146' title='bbox 902 1726 1082 1792; x_wconf 88' lang='lat' dir='ltr'><strong>christianis</strong></span> <span class='ocrx_word' id='word_1_147' title='bbox 1089 1726 1173 1791; x_wconf 88' lang='lat' dir='ltr'><strong>loca-</strong></span> 
     </span>
    </p>
   </div>
   <div class='ocr_carea' id='block_1_4' title="bbox 43 1824 1173 1892">
    <p class='ocr_par' dir='ltr' id='par_1_6' title="bbox 43 1824 1173 1892">
     <span class='ocr_line' id='line_1_18' title="bbox 43 1824 1173 1892; baseline -0.004 -14"><span class='ocrx_word' id='word_1_148' title='bbox 43 1824 143 1880; x_wconf 80' lang='lat' dir='ltr'><strong>verat.</strong></span> <span class='ocrx_word' id='word_1_149' title='bbox 183 1827 240 1878; x_wconf 92' lang='lat' dir='ltr'><strong>Ubi</strong></span> <span class='ocrx_word' id='word_1_150' title='bbox 257 1828 341 1892; x_wconf 87' lang='lat' dir='ltr'><strong>primo</strong></span> <span class='ocrx_word' id='word_1_151' title='bbox 361 1842 487 1892; x_wconf 88' lang='lat' dir='ltr'><strong>aquarum</strong></span> <span class='ocrx_word' id='word_1_152' title='bbox 506 1827 632 1892; x_wconf 89' lang='lat' dir='ltr'><strong>inopiam,</strong></span> <span class='ocrx_word' id='word_1_153' title='bbox 651 1825 820 1892; x_wconf 89' lang='lat' dir='ltr'><strong>postmodum</strong></span> <span class='ocrx_word' id='word_1_154' title='bbox 829 1841 879 1890; x_wconf 88' lang='lat' dir='ltr'><strong>per</strong></span> <span class='ocrx_word' id='word_1_155' title='bbox 888 1825 1019 1875; x_wconf 88' lang='lat' dir='ltr'><strong>modicam</strong></span> <span class='ocrx_word' id='word_1_156' title='bbox 1029 1825 1173 1874; x_wconf 83' lang='lat' dir='ltr'><strong>fossionem</strong></span> 
     </span>
    </p>
   </div>
   <div class='ocr_carea' id='block_1_5' title="bbox 41 1902 1287 3218">
    <p class='ocr_par' dir='ltr' id='par_1_7' title="bbox 41 1902 1287 3218">
     <span class='ocr_line' id='line_1_19' title="bbox 41 1902 1173 1970; baseline -0.003 -15"><span class='ocrx_word' id='word_1_157' title='bbox 41 1907 227 1968; x_wconf 87' lang='lat' dir='ltr'><strong>invenientes,</strong></span> <span class='ocrx_word' id='word_1_158' title='bbox 239 1907 342 1970; x_wconf 89' lang='lat' dir='ltr'><strong>copiam</strong></span> <span class='ocrx_word' id='word_1_159' title='bbox 350 1903 443 1970; x_wconf 89' lang='lat' dir='ltr'><strong>pabuli</strong></span> <span class='ocrx_word' id='word_1_160' title='bbox 452 1911 479 1955; x_wconf 90' lang='lat' dir='ltr'><strong>et</strong></span> <span class='ocrx_word' id='word_1_161' title='bbox 488 1905 642 1956; x_wconf 81' lang='lat' dir='ltr'><strong>victualium</strong></span> <span class='ocrx_word' id='word_1_162' title='bbox 650 1903 860 1954; x_wconf 85' lang='lat' dir='ltr'><strong>habundantiam</strong></span> <span class='ocrx_word' id='word_1_163' title='bbox 872 1902 1034 1966; x_wconf 82' lang='lat' dir='ltr'><strong>habuerunt3</strong></span> <span class='ocrx_word' id='word_1_164' title='bbox 1048 1903 1173 1954; x_wconf 84' lang='lat' dir='ltr'><strong>Sarrace-</strong></span> 
     </span>
     <span class='ocr_line' id='line_1_20' title="bbox 44 1977 1174 2046; baseline -0.002 -18"><span class='ocrx_word' id='word_1_165' title='bbox 44 1995 105 2030; x_wconf 92' lang='lat' dir='ltr'><strong>num</strong></span> <span class='ocrx_word' id='word_1_166' title='bbox 120 1994 234 2046; x_wconf 91' lang='lat' dir='ltr'><strong>quoque</strong></span> <span class='ocrx_word' id='word_1_167' title='bbox 251 1979 417 2044; x_wconf 88' lang='lat' dir='ltr'><strong>impuberem</strong></span> <span class='ocrx_word' id='word_1_168' title='bbox 436 1979 471 2028; x_wconf 92' lang='lat' dir='ltr'><strong>ad</strong></span> <span class='ocrx_word' id='word_1_169' title='bbox 488 1994 535 2029; x_wconf 87' lang='lat' dir='ltr'><strong>cos</strong></span> <span class='ocrx_word' id='word_1_170' title='bbox 552 1979 760 2029; x_wconf 86' lang='lat' dir='ltr'><strong>descendentem</strong></span> <span class='ocrx_word' id='word_1_171' title='bbox 778 1977 955 2042; x_wconf 81' lang='lat' dir='ltr'><strong>baptizarunt.</strong></span> <span class='ocrx_word' id='word_1_172' title='bbox 989 1977 1070 2027; x_wconf 90' lang='lat' dir='ltr'><strong>Porro</strong></span> <span class='ocrx_word' id='word_1_173' title='bbox 1087 1978 1174 2043; x_wconf 86' lang='lat' dir='ltr'><strong>prima</strong></span> 
     </span>
     <span class='ocr_line' id='line_1_21' title="bbox 46 2050 1268 2118; baseline -0.004 -17"><span class='ocrx_word' id='word_1_174' title='bbox 46 2052 185 2103; x_wconf 86' lang='lat' dir='ltr'><strong>dominica</strong></span> <span class='ocrx_word' id='word_1_175' title='bbox 207 2052 338 2103; x_wconf 86' lang='lat' dir='ltr'><strong>adventus</strong></span> <span class='ocrx_word' id='word_1_176' title='bbox 357 2053 468 2102; x_wconf 86' lang='lat' dir='ltr'><strong>Domini</strong></span> <span class='ocrx_word' id='word_1_177' title='bbox 489 2051 642 2118; x_wconf 89' lang='lat' dir='ltr'><strong>patriarcba</strong></span> <span class='ocrx_word' id='word_1_178' title='bbox 656 2067 715 2102; x_wconf 88' lang='lat' dir='ltr'><strong>curn</strong></span> <span class='ocrx_word' id='word_1_179' title='bbox 731 2050 830 2100; x_wconf 84' lang='lat' dir='ltr'><strong>vexillo</strong></span> <span class='ocrx_word' id='word_1_180' title='bbox 848 2051 935 2100; x_wconf 86' lang='lat' dir='ltr'><strong>crucis</strong></span> <span class='ocrx_word' id='word_1_181' title='bbox 954 2056 1069 2100; x_wconf 89' lang='lat' dir='ltr'><strong>montem</strong></span> <span class='ocrx_word' id='word_1_182' title='bbox 1091 2055 1268 2100; x_wconf 62' lang='lat' dir='ltr'><strong>con-ana.</strong></span> 
     </span>
     <span class='ocr_line' id='line_1_22' title="bbox 45 2123 1172 2192; baseline -0.002 -16"><span class='ocrx_word' id='word_1_183' title='bbox 45 2142 57 2176; x_wconf 96' lang='lat' dir='ltr'><strong>s</strong></span> <span class='ocrx_word' id='word_1_184' title='bbox 67 2142 81 2176; x_wconf 93' lang='lat' dir='ltr'><strong>c</strong></span> <span class='ocrx_word' id='word_1_185' title='bbox 91 2142 132 2176; x_wconf 89' lang='lat' dir='ltr'><strong>en</strong></span> <span class='ocrx_word' id='word_1_186' title='bbox 140 2125 158 2175; x_wconf 89' lang='lat' dir='ltr'><strong>d</strong></span> <span class='ocrx_word' id='word_1_187' title='bbox 165 2127 176 2175; x_wconf 94' lang='lat' dir='ltr'><strong>i</strong></span> <span class='ocrx_word' id='word_1_188' title='bbox 183 2133 210 2188; x_wconf 90' lang='lat' dir='ltr'><strong>t,</strong></span> <span class='ocrx_word' id='word_1_189' title='bbox 224 2127 357 2192; x_wconf 87' lang='lat' dir='ltr'><strong>episcopis</strong></span> <span class='ocrx_word' id='word_1_190' title='bbox 367 2132 394 2175; x_wconf 90' lang='lat' dir='ltr'><strong>et</strong></span> <span class='ocrx_word' id='word_1_191' title='bbox 405 2125 476 2175; x_wconf 87' lang='lat' dir='ltr'><strong>clero</strong></span> <span class='ocrx_word' id='word_1_192' title='bbox 487 2124 664 2191; x_wconf 88' lang='lat' dir='ltr'><strong>psallentibus</strong></span> <span class='ocrx_word' id='word_1_193' title='bbox 675 2130 703 2174; x_wconf 90' lang='lat' dir='ltr'><strong>et</strong></span> <span class='ocrx_word' id='word_1_194' title='bbox 713 2123 863 2187; x_wconf 80' lang='lat' dir='ltr'><strong>orantibus3</strong></span> <span class='ocrx_word' id='word_1_195' title='bbox 876 2139 968 2174; x_wconf 87' lang='lat' dir='ltr'><strong>verum</strong></span> <span class='ocrx_word' id='word_1_196' title='bbox 978 2124 1044 2174; x_wconf 88' lang='lat' dir='ltr'><strong>licet</strong></span> <span class='ocrx_word' id='word_1_197' title='bbox 1053 2139 1128 2174; x_wconf 91' lang='lat' dir='ltr'><strong>mons</strong></span> <span class='ocrx_word' id='word_1_198' title='bbox 1138 2123 1172 2174; x_wconf 87' lang='lat' dir='ltr'><strong>ab</strong></span> 
     </span>
     <span class='ocr_line' id='line_1_23' title="bbox 47 2196 1172 2266; baseline -0.001 -18"><span class='ocrx_word' id='word_1_199' title='bbox 47 2201 118 2249; x_wconf 91' lang='lat' dir='ltr'><strong>omni</strong></span> <span class='ocrx_word' id='word_1_200' title='bbox 133 2205 213 2264; x_wconf 89' lang='lat' dir='ltr'><strong>parte</strong></span> <span class='ocrx_word' id='word_1_201' title='bbox 227 2204 368 2266; x_wconf 81' lang='lat' dir='ltr'><strong>proruptus</strong></span> <span class='ocrx_word' id='word_1_202' title='bbox 381 2201 416 2249; x_wconf 90' lang='lat' dir='ltr'><strong>sit</strong></span> <span class='ocrx_word' id='word_1_203' title='bbox 429 2205 456 2248; x_wconf 91' lang='lat' dir='ltr'><strong>et</strong></span> <span class='ocrx_word' id='word_1_204' title='bbox 470 2198 592 2249; x_wconf 84' lang='lat' dir='ltr'><strong>excelsus</strong></span> <span class='ocrx_word' id='word_1_205' title='bbox 604 2197 684 2248; x_wconf 86' lang='lat' dir='ltr'><strong>valde</strong></span> <span class='ocrx_word' id='word_1_206' title='bbox 699 2204 725 2247; x_wconf 92' lang='lat' dir='ltr'><strong>et</strong></span> <span class='ocrx_word' id='word_1_207' title='bbox 737 2197 909 2264; x_wconf 91' lang='lat' dir='ltr'><strong>impossibilis</strong></span> <span class='ocrx_word' id='word_1_208' title='bbox 922 2196 957 2247; x_wconf 90' lang='lat' dir='ltr'><strong>ad</strong></span> <span class='ocrx_word' id='word_1_209' title='bbox 973 2196 1172 2247; x_wconf 90' lang='lat' dir='ltr'><strong>ascendendum</strong></span> 
     </span>
     <span class='ocr_line' id='line_1_24' title="bbox 47 2270 1170 2337; baseline -0.001 -15"><span class='ocrx_word' id='word_1_210' title='bbox 47 2278 121 2322; x_wconf 85' lang='lat' dir='ltr'><strong>extra</strong></span> <span class='ocrx_word' id='word_1_211' title='bbox 140 2273 268 2323; x_wconf 86' lang='lat' dir='ltr'><strong>semitam</strong></span> <span class='ocrx_word' id='word_1_212' title='bbox 286 2275 384 2335; x_wconf 88' lang='lat' dir='ltr'><strong>tritam,</strong></span> <span class='ocrx_word' id='word_1_213' title='bbox 404 2271 502 2323; x_wconf 90' lang='lat' dir='ltr'><strong>milites</strong></span> <span class='ocrx_word' id='word_1_214' title='bbox 521 2278 619 2335; x_wconf 90' lang='lat' dir='ltr'><strong>tamen,</strong></span> <span class='ocrx_word' id='word_1_215' title='bbox 639 2271 778 2332; x_wconf 88' lang='lat' dir='ltr'><strong>satellites,</strong></span> <span class='ocrx_word' id='word_1_216' title='bbox 798 2273 902 2337; x_wconf 88' lang='lat' dir='ltr'><strong>equites</strong></span> <span class='ocrx_word' id='word_1_217' title='bbox 922 2277 949 2320; x_wconf 90' lang='lat' dir='ltr'><strong>et</strong></span> <span class='ocrx_word' id='word_1_218' title='bbox 967 2270 1081 2336; x_wconf 89' lang='lat' dir='ltr'><strong>pedites,</strong></span> <span class='ocrx_word' id='word_1_219' title='bbox 1106 2272 1170 2321; x_wconf 89' lang='lat' dir='ltr'><strong>viri-</strong></span> 
     </span>
     <span class='ocr_line' id='line_1_25' title="bbox 48 2343 1170 2412; baseline 0 -18"><span class='ocrx_word' id='word_1_220' title='bbox 48 2344 108 2395; x_wconf 92' lang='lat' dir='ltr'><strong>liter</strong></span> <span class='ocrx_word' id='word_1_221' title='bbox 127 2347 340 2406; x_wconf 63' lang='lat' dir='ltr'><strong>asoendentesa,</strong></span> <span class='ocrx_word' id='word_1_222' title='bbox 359 2347 445 2412; x_wconf 91' lang='lat' dir='ltr'><strong>primo</strong></span> <span class='ocrx_word' id='word_1_223' title='bbox 465 2346 557 2410; x_wconf 90' lang='lat' dir='ltr'><strong>inpetu</strong></span> <span class='ocrx_word' id='word_1_224' title='bbox 576 2351 726 2395; x_wconf 87' lang='lat' dir='ltr'><strong>straverunt</strong></span> <span class='ocrx_word' id='word_1_225' title='bbox 745 2343 921 2395; x_wconf 87' lang='lat' dir='ltr'><strong>castellanum</strong></span> <span class='ocrx_word' id='word_1_226' title='bbox 941 2350 969 2394; x_wconf 90' lang='lat' dir='ltr'><strong>et</strong></span> <span class='ocrx_word' id='word_1_227' title='bbox 993 2343 1170 2395; x_wconf 86' lang='lat' dir='ltr'><strong>admiraldum</strong></span> 
     </span>
     <span class='ocr_line' id='line_1_26' title="bbox 48 2417 1171 2484; baseline -0.001 -16"><span class='ocrx_word' id='word_1_228' title='bbox 48 2434 148 2470; x_wconf 90' lang='lat' dir='ltr'><strong>uuum</strong></span> <span class='ocrx_word' id='word_1_229' title='bbox 170 2435 232 2469; x_wconf 90' lang='lat' dir='ltr'><strong>oum</strong></span> <span class='ocrx_word' id='word_1_230' title='bbox 252 2418 313 2470; x_wconf 90' lang='lat' dir='ltr'><strong>aliis</strong></span> <span class='ocrx_word' id='word_1_231' title='bbox 332 2419 563 2481; x_wconf 86' lang='lat' dir='ltr'><strong>interfectis,</strong></span> <span class='ocrx_word' id='word_1_232' title='bbox 581 2419 627 2483; x_wconf 93' lang='lat' dir='ltr'><strong>qui</strong></span> <span class='ocrx_word' id='word_1_233' title='bbox 652 2423 743 2484; x_wconf 84' lang='lat' dir='ltr'><strong>portes</strong></span> <span class='ocrx_word' id='word_1_234' title='bbox 772 2419 853 2468; x_wconf 86' lang='lat' dir='ltr'><strong>castri</strong></span> <span class='ocrx_word' id='word_1_235' title='bbox 881 2419 983 2482; x_wconf 84' lang='lat' dir='ltr'><strong>egressi</strong></span> <span class='ocrx_word' id='word_1_236' title='bbox 1005 2417 1111 2468; x_wconf 81' lang='lat' dir='ltr'><strong>fuerant</strong></span> <span class='ocrx_word' id='word_1_237' title='bbox 1136 2417 1171 2467; x_wconf 91' lang='lat' dir='ltr'><strong>ad</strong></span> 
     </span>
     <span class='ocr_line' id='line_1_27' title="bbox 50 2491 1172 2556; baseline 0 -16"><span class='ocrx_word' id='word_1_238' title='bbox 50 2491 236 2542; x_wconf 84' lang='lat' dir='ltr'><strong>defensionem</strong></span> <span class='ocrx_word' id='word_1_239' title='bbox 256 2494 361 2542; x_wconf 86' lang='lat' dir='ltr'><strong>montis.</strong></span> <span class='ocrx_word' id='word_1_240' title='bbox 401 2491 503 2543; x_wconf 78' lang='lat' dir='ltr'><strong>(leteris</strong></span> <span class='ocrx_word' id='word_1_241' title='bbox 523 2497 612 2542; x_wconf 87' lang='lat' dir='ltr'><strong>autem</strong></span> <span class='ocrx_word' id='word_1_242' title='bbox 631 2493 659 2541; x_wconf 92' lang='lat' dir='ltr'><strong>in</strong></span> <span class='ocrx_word' id='word_1_243' title='bbox 678 2497 813 2556; x_wconf 88' lang='lat' dir='ltr'><strong>stuporem</strong></span> <span class='ocrx_word' id='word_1_244' title='bbox 833 2493 917 2541; x_wconf 89' lang='lat' dir='ltr'><strong>versis</strong></span> <span class='ocrx_word' id='word_1_245' title='bbox 943 2497 969 2541; x_wconf 91' lang='lat' dir='ltr'><strong>et</strong></span> <span class='ocrx_word' id='word_1_246' title='bbox 993 2493 1063 2542; x_wconf 91' lang='lat' dir='ltr'><strong>intra</strong></span> <span class='ocrx_word' id='word_1_247' title='bbox 1081 2492 1172 2542; x_wconf 87' lang='lat' dir='ltr'><strong>menia</strong></span> 
     </span>
     <span class='ocr_line' id='line_1_28' title="bbox 50 2564 1172 2632; baseline 0.001 -19"><span class='ocrx_word' id='word_1_248' title='bbox 50 2567 175 2632; x_wconf 87' lang='lat' dir='ltr'><strong>receptis,</strong></span> <span class='ocrx_word' id='word_1_249' title='bbox 196 2581 248 2632; x_wconf 86' lang='lat' dir='ltr'><strong>quc</strong></span> <span class='ocrx_word' id='word_1_250' title='bbox 268 2566 403 2616; x_wconf 91' lang='lat' dir='ltr'><strong>hominum</strong></span> <span class='ocrx_word' id='word_1_251' title='bbox 425 2565 536 2616; x_wconf 88' lang='lat' dir='ltr'><strong>consilio</strong></span> <span class='ocrx_word' id='word_1_252' title='bbox 555 2564 598 2614; x_wconf 91' lang='lat' dir='ltr'><strong>vel</strong></span> <span class='ocrx_word' id='word_1_253' title='bbox 618 2565 673 2614; x_wconf 92' lang='lat' dir='ltr'><strong>Dei</strong></span> <span class='ocrx_word' id='word_1_254' title='bbox 690 2565 791 2615; x_wconf 87' lang='lat' dir='ltr'><strong>iudicio</strong></span> <span class='ocrx_word' id='word_1_255' title='bbox 811 2564 844 2614; x_wconf 94' lang='lat' dir='ltr'><strong>ab</strong></span> <span class='ocrx_word' id='word_1_256' title='bbox 864 2565 1065 2630; x_wconf 85' lang='lat' dir='ltr'><strong>impugnatione</strong></span> <span class='ocrx_word' id='word_1_257' title='bbox 1090 2566 1172 2615; x_wconf 88' lang='lat' dir='ltr'><strong>castri</strong></span> 
     </span>
     <span class='ocr_line' id='line_1_29' title="bbox 49 2637 1172 2704; baseline 0.002 -18"><span class='ocrx_word' id='word_1_258' title='bbox 49 2641 247 2690; x_wconf 88' lang='lat' dir='ltr'><strong>recesserint</strong></span> <span class='ocrx_word' id='word_1_259' title='bbox 265 2645 292 2689; x_wconf 89' lang='lat' dir='ltr'><strong>et</strong></span> <span class='ocrx_word' id='word_1_260' title='bbox 309 2638 417 2704; x_wconf 84' lang='lat' dir='ltr'><strong>inglorii</strong></span> <span class='ocrx_word' id='word_1_261' title='bbox 435 2637 633 2701; x_wconf 86' lang='lat' dir='ltr'><strong>descenderint,</strong></span> <span class='ocrx_word' id='word_1_262' title='bbox 645 2640 791 2702; x_wconf 87' lang='lat' dir='ltr'><strong>ignoratur.</strong></span> <span class='ocrx_word' id='word_1_263' title='bbox 824 2638 858 2688; x_wconf 92' lang='lat' dir='ltr'><strong>Iu</strong></span> <span class='ocrx_word' id='word_1_264' title='bbox 876 2640 960 2688; x_wconf 87' lang='lat' dir='ltr'><strong>tercio</strong></span> <span class='ocrx_word' id='word_1_265' title='bbox 980 2639 1110 2704; x_wconf 90' lang='lat' dir='ltr'><strong>equitatu,</strong></span> <span class='ocrx_word' id='word_1_266' title='bbox 1128 2639 1172 2688; x_wconf 87' lang='lat' dir='ltr'><strong>oui</strong></span> 
     </span>
     <span class='ocr_line' id='line_1_30' title="bbox 52 2711 1171 2778; baseline 0 -16"><span class='ocrx_word' id='word_1_267' title='bbox 52 2711 207 2775; x_wconf 84' lang='lat' dir='ltr'><strong>patriarcha</strong></span> <span class='ocrx_word' id='word_1_268' title='bbox 228 2727 287 2762; x_wconf 86' lang='lat' dir='ltr'><strong>curn</strong></span> <span class='ocrx_word' id='word_1_269' title='bbox 307 2712 381 2777; x_wconf 91' lang='lat' dir='ltr'><strong>ligno</strong></span> <span class='ocrx_word' id='word_1_270' title='bbox 402 2713 488 2763; x_wconf 88' lang='lat' dir='ltr'><strong>crucis</strong></span> <span class='ocrx_word' id='word_1_271' title='bbox 502 2718 530 2763; x_wconf 90' lang='lat' dir='ltr'><strong>et</strong></span> <span class='ocrx_word' id='word_1_272' title='bbox 554 2713 625 2762; x_wconf 85' lang='lat' dir='ltr'><strong>sacri</strong></span> <span class='ocrx_word' id='word_1_273' title='bbox 651 2713 772 2778; x_wconf 90' lang='lat' dir='ltr'><strong>episcopi</strong></span> <span class='ocrx_word' id='word_1_274' title='bbox 795 2728 849 2761; x_wconf 91' lang='lat' dir='ltr'><strong>non</strong></span> <span class='ocrx_word' id='word_1_275' title='bbox 876 2711 1061 2775; x_wconf 85' lang='lat' dir='ltr'><strong>interfuerunt,</strong></span> <span class='ocrx_word' id='word_1_276' title='bbox 1086 2712 1171 2762; x_wconf 81' lang='lat' dir='ltr'><strong>multa</strong></span> 
     </span>
     <span class='ocr_line' id='line_1_31' title="bbox 53 2784 1170 2852; baseline 0.001 -18"><span class='ocrx_word' id='word_1_277' title='bbox 53 2785 169 2850; x_wconf 88' lang='lat' dir='ltr'><strong>dampna</strong></span> <span class='ocrx_word' id='word_1_278' title='bbox 189 2790 217 2836; x_wconf 91' lang='lat' dir='ltr'><strong>et</strong></span> <span class='ocrx_word' id='word_1_279' title='bbox 233 2785 405 2836; x_wconf 89' lang='lat' dir='ltr'><strong>incommoda</strong></span> <span class='ocrx_word' id='word_1_280' title='bbox 425 2792 478 2837; x_wconf 88' lang='lat' dir='ltr'><strong>tam</strong></span> <span class='ocrx_word' id='word_1_281' title='bbox 506 2801 554 2852; x_wconf 90' lang='lat' dir='ltr'><strong>per</strong></span> <span class='ocrx_word' id='word_1_282' title='bbox 579 2784 744 2835; x_wconf 85' lang='lat' dir='ltr'><strong>latrunculos</strong></span> <span class='ocrx_word' id='word_1_283' title='bbox 770 2800 849 2850; x_wconf 86' lang='lat' dir='ltr'><strong>quam</strong></span> <span class='ocrx_word' id='word_1_284' title='bbox 869 2786 972 2850; x_wconf 82' lang='lat' dir='ltr'><strong>hyemis</strong></span> <span class='ocrx_word' id='word_1_285' title='bbox 998 2786 1170 2851; x_wconf 87' lang='lat' dir='ltr'><strong>asperitatem</strong></span> 
     </span>
     <span class='ocr_line' id='line_1_32' title="bbox 51 2852 1287 2924; baseline 0.004 -17"><span class='ocrx_word' id='word_1_286' title='bbox 51 2861 172 2924; x_wconf 89' lang='lat' dir='ltr'><strong>perpessi</strong></span> <span class='ocrx_word' id='word_1_287' title='bbox 185 2865 255 2920; x_wconf 91' lang='lat' dir='ltr'><strong>sunt,</strong></span> <span class='ocrx_word' id='word_1_288' title='bbox 267 2865 294 2909; x_wconf 88' lang='lat' dir='ltr'><strong>et</strong></span> <span class='ocrx_word' id='word_1_289' title='bbox 306 2852 464 2924; x_wconf 75' lang='lat' dir='ltr'><strong>presertimf</strong></span> <span class='ocrx_word' id='word_1_290' title='bbox 476 2861 504 2908; x_wconf 88' lang='lat' dir='ltr'><strong>in</strong></span> <span class='ocrx_word' id='word_1_291' title='bbox 517 2859 611 2924; x_wconf 88' lang='lat' dir='ltr'><strong>vigilia</strong></span> <span class='ocrx_word' id='word_1_292' title='bbox 624 2859 772 2909; x_wconf 86' lang='lat' dir='ltr'><strong>nativitatis</strong></span> <span class='ocrx_word' id='word_1_293' title='bbox 781 2859 891 2908; x_wconf 90' lang='lat' dir='ltr'><strong>Domini</strong></span> <span class='ocrx_word' id='word_1_294' title='bbox 906 2864 933 2908; x_wconf 90' lang='lat' dir='ltr'><strong>et</strong></span> <span class='ocrx_word' id='word_1_295' title='bbox 943 2864 1023 2909; x_wconf 91' lang='lat' dir='ltr'><strong>nocte</strong></span> <span class='ocrx_word' id='word_1_296' title='bbox 1034 2859 1171 2924; x_wconf 89' lang='lat' dir='ltr'><strong>sequenti;</strong></span> <span class='ocrx_word' id='word_1_297' title='bbox 1182 2872 1231 2912; x_wconf 71' lang='lat' dir='ltr'><strong>aa.</strong></span> <span class='ocrx_word' id='word_1_298' title='bbox 1250 2875 1287 2914; x_wconf 76' lang='lat' dir='ltr'><strong>ss.</strong></span> 
     </span>
     <span class='ocr_line' id='line_1_33' title="bbox 53 2932 1172 2998; baseline 0.001 -17"><span class='ocrx_word' id='word_1_299' title='bbox 53 2945 120 2994; x_wconf 85' lang='lat' dir='ltr'><strong>quae</strong></span> <span class='ocrx_word' id='word_1_300' title='bbox 140 2934 194 2982; x_wconf 89' lang='lat' dir='ltr'><strong>nisi</strong></span> <span class='ocrx_word' id='word_1_301' title='bbox 214 2932 373 2984; x_wconf 84' lang='lat' dir='ltr'><strong>adbreviata</strong></span> <span class='ocrx_word' id='word_1_302' title='bbox 390 2933 494 2996; x_wconf 86' lang='lat' dir='ltr'><strong>fuisset,</strong></span> <span class='ocrx_word' id='word_1_303' title='bbox 514 2939 621 2998; x_wconf 88' lang='lat' dir='ltr'><strong>propter</strong></span> <span class='ocrx_word' id='word_1_304' title='bbox 633 2933 750 2998; x_wconf 90' lang='lat' dir='ltr'><strong>inopiam</strong></span> <span class='ocrx_word' id='word_1_305' title='bbox 765 2932 897 2997; x_wconf 92' lang='lat' dir='ltr'><strong>lignorum</strong></span> <span class='ocrx_word' id='word_1_306' title='bbox 914 2938 941 2982; x_wconf 88' lang='lat' dir='ltr'><strong>et</strong></span> <span class='ocrx_word' id='word_1_307' title='bbox 953 2932 1172 2982; x_wconf 88' lang='lat' dir='ltr'><strong>vestimentorum</strong></span> 
     </span>
     <span class='ocr_line' id='line_1_34' title="bbox 52 3004 1170 3072; baseline 0.003 -19"><span class='ocrx_word' id='word_1_308' title='bbox 52 3007 188 3068; x_wconf 89' lang='lat' dir='ltr'><strong>penuriam</strong></span> <span class='ocrx_word' id='word_1_309' title='bbox 204 3021 302 3070; x_wconf 88' lang='lat' dir='ltr'><strong>magna</strong></span> <span class='ocrx_word' id='word_1_310' title='bbox 314 3022 377 3072; x_wconf 88' lang='lat' dir='ltr'><strong>pars</strong></span> <span class='ocrx_word' id='word_1_311' title='bbox 391 3006 523 3056; x_wconf 84' lang='lat' dir='ltr'><strong>exercitus</strong></span> <span class='ocrx_word' id='word_1_312' title='bbox 541 3006 694 3071; x_wconf 88' lang='lat' dir='ltr'><strong>perisset</strong></span> <span class='ocrx_word' id='word_1_313' title='bbox 712 3007 740 3054; x_wconf 92' lang='lat' dir='ltr'><strong>in</strong></span> <span class='ocrx_word' id='word_1_314' title='bbox 753 3004 849 3056; x_wconf 88' lang='lat' dir='ltr'><strong>finibus</strong></span> <span class='ocrx_word' id='word_1_315' title='bbox 858 3005 922 3069; x_wconf 81' lang='lat' dir='ltr'><strong>Tyri</strong></span> <span class='ocrx_word' id='word_1_316' title='bbox 935 3006 1009 3055; x_wconf 88' lang='lat' dir='ltr'><strong>iuxta</strong></span> <span class='ocrx_word' id='word_1_317' title='bbox 1020 3005 1170 3071; x_wconf 86' lang='lat' dir='ltr'><strong>Sareptam.</strong></span> 
     </span>
     <span class='ocr_line' id='line_1_35' title="bbox 52 3075 1173 3145; baseline 0.004 -21"><span class='ocrx_word' id='word_1_318' title='bbox 52 3075 114 3128; x_wconf 87' lang='lat' dir='ltr'><strong>Post</strong></span> <span class='ocrx_word' id='word_1_319' title='bbox 138 3080 191 3130; x_wconf 92' lang='lat' dir='ltr'><strong>bec</strong></span> <span class='ocrx_word' id='word_1_320' title='bbox 218 3079 320 3128; x_wconf 91' lang='lat' dir='ltr'><strong>milicia</strong></span> <span class='ocrx_word' id='word_1_321' title='bbox 338 3080 447 3130; x_wconf 91' lang='lat' dir='ltr'><strong>Domini</strong></span> <span class='ocrx_word' id='word_1_322' title='bbox 472 3078 662 3145; x_wconf 61' lang='lat' dir='ltr'><strong>quadrifaria&amp;</strong></span> <span class='ocrx_word' id='word_1_323' title='bbox 681 3078 767 3128; x_wconf 90' lang='lat' dir='ltr'><strong>divisa</strong></span> <span class='ocrx_word' id='word_1_324' title='bbox 787 3085 836 3130; x_wconf 90' lang='lat' dir='ltr'><strong>est.</strong></span> <span class='ocrx_word' id='word_1_325' title='bbox 883 3078 973 3142; x_wconf 82' lang='lat' dir='ltr'><strong>Reges</strong></span> <span class='ocrx_word' id='word_1_326' title='bbox 987 3077 1124 3143; x_wconf 88' lang='lat' dir='ltr'><strong>Ungariae</strong></span> <span class='ocrx_word' id='word_1_327' title='bbox 1144 3085 1173 3130; x_wconf 89' lang='lat' dir='ltr'><strong>et</strong></span> 
     </span>
     <span class='ocr_line' id='line_1_36' title="bbox 55 3149 1169 3218; baseline 0.003 -19"><span class='ocrx_word' id='word_1_328' title='bbox 55 3149 125 3216; x_wconf 83' lang='lat' dir='ltr'><strong>Cipri</strong></span> <span class='ocrx_word' id='word_1_329' title='bbox 151 3168 212 3203; x_wconf 89' lang='lat' dir='ltr'><strong>oum</strong></span> <span class='ocrx_word' id='word_1_330' title='bbox 238 3167 337 3218; x_wconf 88' lang='lat' dir='ltr'><strong>magna</strong></span> <span class='ocrx_word' id='word_1_331' title='bbox 364 3152 532 3202; x_wconf 90' lang='lat' dir='ltr'><strong>multitudine</strong></span> <span class='ocrx_word' id='word_1_332' title='bbox 552 3154 749 3218; x_wconf 76' lang='lat' dir='ltr'><strong>peregrinorum</strong></span> <span class='ocrx_word' id='word_1_333' title='bbox 770 3159 797 3202; x_wconf 88' lang='lat' dir='ltr'><strong>et</strong></span> <span class='ocrx_word' id='word_1_334' title='bbox 817 3151 931 3216; x_wconf 90' lang='lat' dir='ltr'><strong>dampno</strong></span> <span class='ocrx_word' id='word_1_335' title='bbox 951 3157 1039 3201; x_wconf 89' lang='lat' dir='ltr'><strong>terrae</strong></span> <span class='ocrx_word' id='word_1_336' title='bbox 1058 3153 1169 3218; x_wconf 88' lang='lat' dir='ltr'><strong>promis·</strong></span> 
     </span>
    </p>
   </div>
   <div class='ocr_carea' id='block_1_6' title="bbox 54 3215 1169 3303">
    <p class='ocr_par' dir='ltr' id='par_1_8' title="bbox 54 3215 1169 3303">
     <span class='ocr_line' id='line_1_37' title="bbox 54 3215 1169 3303; baseline 0.004 -26"><span class='ocrx_word' id='word_1_337' title='bbox 54 3229 132 3280; x_wconf 90' lang='lat' dir='ltr'><strong>sionis</strong></span> <span class='ocrx_word' id='word_1_338' title='bbox 154 3231 283 3296; x_wconf 89' lang='lat' dir='ltr'><strong>Tripolim</strong></span> <span class='ocrx_word' id='word_1_339' title='bbox 305 3231 417 3297; x_wconf 86' lang='lat' dir='ltr'><strong>profecti</strong></span> <span class='ocrx_word' id='word_1_340' title='bbox 438 3237 509 3295; x_wconf 89' lang='lat' dir='ltr'><strong>sunt,</strong></span> <span class='ocrx_word' id='word_1_341' title='bbox 532 3217 626 3284; x_wconf 81' lang='lat' dir='ltr'><strong>licet²</strong></span> <span class='ocrx_word' id='word_1_342' title='bbox 647 3217 747 3282; x_wconf 72' lang='lat' dir='ltr'><strong>mulia</strong></span> <span class='ocrx_word' id='word_1_343' title='bbox 762 3215 953 3303; x_wconf 76' lang='lat' dir='ltr'><strong>supplicatio</strong></span> <span class='ocrx_word' id='word_1_344' title='bbox 967 3216 1169 3302; x_wconf 73' lang='lat' dir='ltr'><strong>patriarchae</strong></span> 
     </span>
    </p>
   </div>
   <div class='ocr_carea' id='block_1_7' title="bbox 55 3301 1170 3974">
    <p class='ocr_par' dir='ltr' id='par_1_9' title="bbox 55 3301 1170 3974">
     <span class='ocr_line' id='line_1_38' title="bbox 56 3301 1169 3388; baseline 0.001 -25"><span class='ocrx_word' id='word_1_345' title='bbox 56 3309 85 3364; x_wconf 89' lang='lat' dir='ltr'><strong>et</strong></span> <span class='ocrx_word' id='word_1_346' title='bbox 104 3301 240 3366; x_wconf 88' lang='lat' dir='ltr'><strong>aliorum</strong></span> <span class='ocrx_word' id='word_1_347' title='bbox 261 3303 377 3366; x_wconf 84' lang='lat' dir='ltr'><strong>frustra</strong></span> <span class='ocrx_word' id='word_1_348' title='bbox 398 3305 467 3387; x_wconf 83' lang='lat' dir='ltr'><strong>regi</strong></span> <span class='ocrx_word' id='word_1_349' title='bbox 489 3303 651 3388; x_wconf 86' lang='lat' dir='ltr'><strong>Ungariae</strong></span> <span class='ocrx_word' id='word_1_350' title='bbox 672 3301 758 3366; x_wconf 87' lang='lat' dir='ltr'><strong>facta</strong></span> <span class='ocrx_word' id='word_1_351' title='bbox 778 3302 976 3387; x_wconf 87' lang='lat' dir='ltr'><strong>precesserit.</strong></span> <span class='ocrx_word' id='word_1_352' title='bbox 1019 3314 1077 3365; x_wconf 82' lang='lat' dir='ltr'><strong>Rex</strong></span> <span class='ocrx_word' id='word_1_353' title='bbox 1097 3315 1169 3379; x_wconf 79' lang='lat' dir='ltr'><strong>cipri</strong></span> 
     </span>
     <span class='ocr_line' id='line_1_39' title="bbox 55 3391 1170 3460; baseline 0.004 -21"><span class='ocrx_word' id='word_1_354' title='bbox 55 3391 269 3444; x_wconf 87' lang='lat' dir='ltr'><strong>adolescentulus</strong></span> <span class='ocrx_word' id='word_1_355' title='bbox 288 3400 349 3460; x_wconf 89' lang='lat' dir='ltr'><strong>post</strong></span> <span class='ocrx_word' id='word_1_356' title='bbox 368 3394 501 3444; x_wconf 85' lang='lat' dir='ltr'><strong>modicum</strong></span> <span class='ocrx_word' id='word_1_357' title='bbox 517 3402 622 3459; x_wconf 90' lang='lat' dir='ltr'><strong>tempus</strong></span> <span class='ocrx_word' id='word_1_358' title='bbox 640 3395 668 3442; x_wconf 89' lang='lat' dir='ltr'><strong>in</strong></span> <span class='ocrx_word' id='word_1_359' title='bbox 688 3392 789 3458; x_wconf 87' lang='lat' dir='ltr'><strong>Tripoli</strong></span> <span class='ocrx_word' id='word_1_360' title='bbox 807 3398 925 3443; x_wconf 90' lang='lat' dir='ltr'><strong>mortuus</strong></span> <span class='ocrx_word' id='word_1_361' title='bbox 945 3401 993 3442; x_wconf 91' lang='lat' dir='ltr'><strong>est.</strong></span> <span class='ocrx_word' id='word_1_362' title='bbox 1030 3392 1089 3443; x_wconf 86' lang='lat' dir='ltr'><strong>Rex</strong></span> <span class='ocrx_word' id='word_1_363' title='bbox 1107 3393 1170 3443; x_wconf 91' lang='lat' dir='ltr'><strong>Ibe·</strong></span> 
     </span>
     <span class='ocr_line' id='line_1_40' title="bbox 55 3465 1170 3518; baseline 0.005 -7"><span class='ocrx_word' id='word_1_364' title='bbox 55 3465 250 3518; x_wconf 87' lang='lat' dir='ltr'><strong>rosolimitanus</strong></span> <span class='ocrx_word' id='word_1_365' title='bbox 270 3475 297 3517; x_wconf 88' lang='lat' dir='ltr'><strong>et</strong></span> <span class='ocrx_word' id='word_1_366' title='bbox 316 3469 369 3518; x_wconf 86' lang='lat' dir='ltr'><strong>dux</strong></span> <span class='ocrx_word' id='word_1_367' title='bbox 383 3469 508 3518; x_wconf 82' lang='lat' dir='ltr'><strong>Austriae</strong></span> <span class='ocrx_word' id='word_1_368' title='bbox 529 3482 589 3518; x_wconf 88' lang='lat' dir='ltr'><strong>cum</strong></span> <span class='ocrx_word' id='word_1_369' title='bbox 610 3467 814 3517; x_wconf 89' lang='lat' dir='ltr'><strong>Monasteriensi</strong></span> <span class='ocrx_word' id='word_1_370' title='bbox 833 3473 861 3516; x_wconf 88' lang='lat' dir='ltr'><strong>et</strong></span> <span class='ocrx_word' id='word_1_371' title='bbox 872 3466 1037 3516; x_wconf 85' lang='lat' dir='ltr'><strong>Traieotensi</strong></span> <span class='ocrx_word' id='word_1_372' title='bbox 1055 3471 1170 3517; x_wconf 89' lang='lat' dir='ltr'><strong>castrum</strong></span> 
     </span>
     <span class='ocr_line' id='line_1_41' title="bbox 58 3534 1170 3606; baseline 0.004 -20"><span class='ocrx_word' id='word_1_373' title='bbox 58 3534 212 3591; x_wconf 76' lang='lat' dir='ltr'><strong>Cesariense</strong></span> <span class='ocrx_word' id='word_1_374' title='bbox 225 3541 376 3592; x_wconf 89' lang='lat' dir='ltr'><strong>Palestinae</strong></span> <span class='ocrx_word' id='word_1_375' title='bbox 396 3541 579 3592; x_wconf 83' lang='lat' dir='ltr'><strong>semidirutam</strong></span> <span class='ocrx_word' id='word_1_376' title='bbox 600 3540 675 3591; x_wconf 87' lang='lat' dir='ltr'><strong>brevi</strong></span> <span class='ocrx_word' id='word_1_377' title='bbox 694 3548 849 3606; x_wconf 89' lang='lat' dir='ltr'><strong>tempore</strong></span> <span class='ocrx_word' id='word_1_378' title='bbox 867 3539 979 3590; x_wconf 90' lang='lat' dir='ltr'><strong>viriliter</strong></span> <span class='ocrx_word' id='word_1_379' title='bbox 997 3538 1170 3590; x_wconf 88' lang='lat' dir='ltr'><strong>firmaverunt</strong></span> 
     </span>
     <span class='ocr_line' id='line_1_42' title="bbox 59 3613 1168 3680; baseline 0.006 -23"><span class='ocrx_word' id='word_1_380' title='bbox 59 3615 88 3660; x_wconf 91' lang='lat' dir='ltr'><strong>et</strong></span> <span class='ocrx_word' id='word_1_381' title='bbox 105 3615 203 3665; x_wconf 91' lang='lat' dir='ltr'><strong>utilit</strong></span> <span class='ocrx_word' id='word_1_382' title='bbox 214 3631 263 3678; x_wconf 88' lang='lat' dir='ltr'><strong>er;</strong></span> <span class='ocrx_word' id='word_1_383' title='bbox 283 3631 330 3680; x_wconf 92' lang='lat' dir='ltr'><strong>per</strong></span> <span class='ocrx_word' id='word_1_384' title='bbox 343 3614 414 3679; x_wconf 86' lang='lat' dir='ltr'><strong>quod</strong></span> <span class='ocrx_word' id='word_1_385' title='bbox 427 3615 487 3664; x_wconf 91' lang='lat' dir='ltr'><strong>Deo</strong></span> <span class='ocrx_word' id='word_1_386' title='bbox 504 3614 620 3664; x_wconf 89' lang='lat' dir='ltr'><strong>donante</strong></span> <span class='ocrx_word' id='word_1_387' title='bbox 635 3613 729 3664; x_wconf 89' lang='lat' dir='ltr'><strong>eadem</strong></span> <span class='ocrx_word' id='word_1_388' title='bbox 751 3614 847 3663; x_wconf 88' lang='lat' dir='ltr'><strong>civitas</strong></span> <span class='ocrx_word' id='word_1_389' title='bbox 867 3615 939 3664; x_wconf 89' lang='lat' dir='ltr'><strong>cito</strong></span> <span class='ocrx_word' id='word_1_390' title='bbox 958 3613 1168 3678; x_wconf 83' lang='lat' dir='ltr'><strong>recuperabitur.</strong></span> 
     </span>
     <span class='ocr_line' id='line_1_43' title="bbox 57 3681 1169 3753; baseline 0.004 -20"><span class='ocrx_word' id='word_1_391' title='bbox 57 3681 197 3752; x_wconf 81' lang='lat' dir='ltr'><strong>Templarii</strong></span> <span class='ocrx_word' id='word_1_392' title='bbox 215 3703 278 3738; x_wconf 93' lang='lat' dir='ltr'><strong>vero</strong></span> <span class='ocrx_word' id='word_1_393' title='bbox 299 3703 358 3738; x_wconf 86' lang='lat' dir='ltr'><strong>curn</strong></span> <span class='ocrx_word' id='word_1_394' title='bbox 384 3689 478 3753; x_wconf 89' lang='lat' dir='ltr'><strong>paucis</strong></span> <span class='ocrx_word' id='word_1_395' title='bbox 502 3687 705 3737; x_wconf 85' lang='lat' dir='ltr'><strong>auxiliatoribus</strong></span> <span class='ocrx_word' id='word_1_396' title='bbox 730 3687 878 3752; x_wconf 82' lang='lat' dir='ltr'><strong>peregrinis</strong></span> <span class='ocrx_word' id='word_1_397' title='bbox 904 3692 932 3736; x_wconf 89' lang='lat' dir='ltr'><strong>et</strong></span> <span class='ocrx_word' id='word_1_398' title='bbox 949 3686 1169 3753; x_wconf 85' lang='lat' dir='ltr'><strong>Hospitalariis</strong></span> 
     </span>
     <span class='ocr_line' id='line_1_44' title="bbox 59 3753 1169 3825; baseline 0.003 -19"><span class='ocrx_word' id='word_1_399' title='bbox 59 3753 184 3811; x_wconf 86' lang='lat' dir='ltr'><strong>dedomo</strong></span> <span class='ocrx_word' id='word_1_400' title='bbox 203 3761 409 3812; x_wconf 87' lang='lat' dir='ltr'><strong>Teutonioornm</strong></span> <span class='ocrx_word' id='word_1_401' title='bbox 430 3767 545 3811; x_wconf 89' lang='lat' dir='ltr'><strong>castrum</strong></span> <span class='ocrx_word' id='word_1_402' title='bbox 570 3759 619 3810; x_wconf 89' lang='lat' dir='ltr'><strong>filii</strong></span> <span class='ocrx_word' id='word_1_403' title='bbox 643 3761 711 3822; x_wconf 91' lang='lat' dir='ltr'><strong>Dei,</strong></span> <span class='ocrx_word' id='word_1_404' title='bbox 732 3759 804 3825; x_wconf 88' lang='lat' dir='ltr'><strong>quod</strong></span> <span class='ocrx_word' id='word_1_405' title='bbox 823 3760 885 3810; x_wconf 91' lang='lat' dir='ltr'><strong>olim</strong></span> <span class='ocrx_word' id='word_1_406' title='bbox 905 3761 1071 3822; x_wconf 87' lang='lat' dir='ltr'><strong>Districtum‚</strong></span> <span class='ocrx_word' id='word_1_407' title='bbox 1096 3775 1169 3809; x_wconf 91' lang='lat' dir='ltr'><strong>nunc</strong></span> 
     </span>
     <span class='ocr_line' id='line_1_45' title="bbox 60 3827 1167 3901; baseline 0.001 -20"><span class='ocrx_word' id='word_1_408' title='bbox 60 3827 398 3900; x_wconf 78' lang='lat' dir='ltr'><strong>Castrum-peregrinorum</strong></span> <span class='ocrx_word' id='word_1_409' title='bbox 434 3828 606 3901; x_wconf 82' lang='lat' dir='ltr'><strong>appellaturh</strong></span> <span class='ocrx_word' id='word_1_410' title='bbox 632 3833 840 3899; x_wconf 90' lang='lat' dir='ltr'><strong>aquibusdam‚</strong></span> <span class='ocrx_word' id='word_1_411' title='bbox 870 3831 995 3883; x_wconf 87' lang='lat' dir='ltr'><strong>edificare</strong></span> <span class='ocrx_word' id='word_1_412' title='bbox 1026 3838 1167 3898; x_wconf 83' lang='lat' dir='ltr'><strong>ceperunt3</strong></span> 
     </span>
     <span class='ocr_line' id='line_1_46' title="bbox 62 3900 1166 3974; baseline 0.004 -22"><span class='ocrx_word' id='word_1_413' title='bbox 62 3905 126 3966; x_wconf 87' lang='lat' dir='ltr'><strong>quod</strong></span> <span class='ocrx_word' id='word_1_414' title='bbox 145 3908 260 3973; x_wconf 89' lang='lat' dir='ltr'><strong>positum</strong></span> <span class='ocrx_word' id='word_1_415' title='bbox 280 3909 364 3958; x_wconf 89' lang='lat' dir='ltr'><strong>estin</strong></span> <span class='ocrx_word' id='word_1_416' title='bbox 383 3909 539 3974; x_wconf 89' lang='lat' dir='ltr'><strong>episcopatu</strong></span> <span class='ocrx_word' id='word_1_417' title='bbox 552 3906 705 3958; x_wconf 73' lang='lat' dir='ltr'><strong>cesariensi</strong></span> <span class='ocrx_word' id='word_1_418' title='bbox 722 3908 791 3957; x_wconf 89' lang='lat' dir='ltr'><strong>inter</strong></span> <span class='ocrx_word' id='word_1_419' title='bbox 801 3905 927 3973; x_wconf 72' lang='lat' dir='ltr'><strong>cayphas</strong></span> <span class='ocrx_word' id='word_1_420' title='bbox 948 3913 975 3956; x_wconf 91' lang='lat' dir='ltr'><strong>et</strong></span> <span class='ocrx_word' id='word_1_421' title='bbox 994 3900 1166 3970; x_wconf 75' lang='lat' dir='ltr'><strong>Cesareami3</strong></span> 
     </span>
    </p>
   </div>
   <div class='ocr_carea' id='block_1_8' title="bbox 62 4007 1168 4186">
    <p class='ocr_par' dir='ltr' id='par_1_10' title="bbox 62 4007 1168 4186">
     <span class='ocr_line' id='line_1_47' title="bbox 62 4007 1168 4068; baseline 0.004 -16"><span class='ocrx_word' id='word_1_422' title='bbox 62 4007 82 4060; x_wconf 74' lang='lat' dir='ltr'><strong>a)</strong></span> <span class='ocrx_word' id='word_1_423' title='bbox 97 4012 189 4056; x_wconf 92' lang='lat' dir='ltr'><strong>biduum</strong></span> <span class='ocrx_word' id='word_1_424' title='bbox 206 4017 237 4057; x_wconf 81' lang='lat' dir='ltr'><strong>ot</strong></span> <span class='ocrx_word' id='word_1_425' title='bbox 316 4015 340 4068; x_wconf 91' lang='lat' dir='ltr'><strong>b)</strong></span> <span class='ocrx_word' id='word_1_426' title='bbox 356 4017 387 4056; x_wconf 81' lang='lat' dir='ltr'><strong>ite</strong></span> <span class='ocrx_word' id='word_1_427' title='bbox 405 4017 453 4066; x_wconf 54' lang='lat'><strong>014</strong></span> <span class='ocrx_word' id='word_1_428' title='bbox 468 4017 523 4056; x_wconf 74' lang='lat' dir='ltr'><strong>deest</strong></span> <span class='ocrx_word' id='word_1_429' title='bbox 539 4017 600 4056; x_wconf 77' lang='lat' dir='ltr'><strong>codd.</strong></span> <span class='ocrx_word' id='word_1_430' title='bbox 683 4013 704 4066; x_wconf 90' lang='lat' dir='ltr'><strong>o)</strong></span> <span class='ocrx_word' id='word_1_431' title='bbox 720 4017 782 4057; x_wconf 90' lang='lat' dir='ltr'><strong>Bets.</strong></span> <span class='ocrx_word' id='word_1_432' title='bbox 798 4016 846 4056; x_wconf 88' lang='lat' dir='ltr'><strong>Bl.</strong></span> <span class='ocrx_word' id='word_1_433' title='bbox 928 4014 951 4067; x_wconf 93' lang='lat' dir='ltr'><strong>d)</strong></span> <span class='ocrx_word' id='word_1_434' title='bbox 964 4020 1014 4064; x_wconf 78' lang='lat' dir='ltr'><strong>poet</strong></span> <span class='ocrx_word' id='word_1_435' title='bbox 1029 4016 1100 4064; x_wconf 79' lang='lat' dir='ltr'><strong>suppl.</strong></span> <span class='ocrx_word' id='word_1_436' title='bbox 1117 4015 1168 4057; x_wconf 85' lang='lat' dir='ltr'><strong>Bl.</strong></span> 
     </span>
     <span class='ocr_line' id='line_1_48' title="bbox 63 4067 1167 4126; baseline 0.005 -16"><span class='ocrx_word' id='word_1_437' title='bbox 63 4067 82 4119; x_wconf 77' lang='lat' dir='ltr'><strong>c)</strong></span> <span class='ocrx_word' id='word_1_438' title='bbox 96 4076 252 4116; x_wconf 84' lang='lat' dir='ltr'><strong>ascenderunt.</strong></span> <span class='ocrx_word' id='word_1_439' title='bbox 281 4077 360 4116; x_wconf 85' lang='lat' dir='ltr'><strong>Primo</strong></span> <span class='ocrx_word' id='word_1_440' title='bbox 376 4077 419 4117; x_wconf 82' lang='lat' dir='ltr'><strong>ot.</strong></span> <span class='ocrx_word' id='word_1_441' title='bbox 438 4077 458 4117; x_wconf 74' lang='lat' dir='ltr'><strong>a.</strong></span> <span class='ocrx_word' id='word_1_442' title='bbox 517 4074 583 4126; x_wconf 67' lang='lat' dir='ltr'><strong>otte</strong></span> <span class='ocrx_word' id='word_1_443' title='bbox 599 4075 645 4124; x_wconf 66' lang='lat' dir='ltr'><strong>Ob,</strong></span> <span class='ocrx_word' id='word_1_444' title='bbox 664 4077 767 4125; x_wconf 87' lang='lat' dir='ltr'><strong>presenti</strong></span> <span class='ocrx_word' id='word_1_445' title='bbox 781 4076 842 4114; x_wconf 78' lang='lat' dir='ltr'><strong>codd.</strong></span> <span class='ocrx_word' id='word_1_446' title='bbox 908 4072 931 4125; x_wconf 81' lang='lat' dir='ltr'><strong>g)</strong></span> <span class='ocrx_word' id='word_1_447' title='bbox 947 4075 1000 4123; x_wconf 67' lang='lat' dir='ltr'><strong>lega:</strong></span> <span class='ocrx_word' id='word_1_448' title='bbox 1016 4074 1167 4123; x_wconf 72' lang='lat' dir='ltr'><strong>quadrifarie.</strong></span> 
     </span>
     <span class='ocr_line' id='line_1_49' title="bbox 62 4125 1059 4186; baseline 0.002 -16"><span class='ocrx_word' id='word_1_449' title='bbox 62 4125 84 4178; x_wconf 76' lang='lat' dir='ltr'><strong>b)</strong></span> <span class='ocrx_word' id='word_1_450' title='bbox 99 4134 229 4181; x_wconf 81' lang='lat' dir='ltr'><strong>appellatur.</strong></span> <span class='ocrx_word' id='word_1_451' title='bbox 245 4144 259 4174; x_wconf 85' lang='lat' dir='ltr'><strong>a</strong></span> <span class='ocrx_word' id='word_1_452' title='bbox 275 4136 411 4184; x_wconf 86' lang='lat' dir='ltr'><strong>quibusdam</strong></span> <span class='ocrx_word' id='word_1_453' title='bbox 428 4134 535 4176; x_wconf 80' lang='lat' dir='ltr'><strong>edificare</strong></span> <span class='ocrx_word' id='word_1_454' title='bbox 551 4135 600 4176; x_wconf 85' lang='lat' dir='ltr'><strong>Bl.</strong></span> <span class='ocrx_word' id='word_1_455' title='bbox 615 4136 636 4176; x_wconf 82' lang='lat' dir='ltr'><strong>a.</strong></span> <span class='ocrx_word' id='word_1_456' title='bbox 695 4133 713 4186; x_wconf 86' lang='lat'><strong>1)</strong></span> <span class='ocrx_word' id='word_1_457' title='bbox 731 4135 846 4174; x_wconf 85' lang='lat' dir='ltr'><strong>Cesarlam</strong></span> <span class='ocrx_word' id='word_1_458' title='bbox 862 4133 908 4174; x_wconf 89' lang='lat' dir='ltr'><strong>Bl.</strong></span> <span class='ocrx_word' id='word_1_459' title='bbox 925 4132 960 4173; x_wconf 73' lang='lat'><strong>02</strong></span> <span class='ocrx_word' id='word_1_460' title='bbox 976 4144 986 4172; x_wconf 83' lang='lat' dir='ltr'><strong>e</strong></span> <span class='ocrx_word' id='word_1_461' title='bbox 1000 4144 1059 4173; x_wconf 84' lang='lat' dir='ltr'><strong>corr.</strong></span> 
     </span>
    </p>
   </div>
   <div class='ocr_carea' id='block_1_9' title="bbox 66 4220 1168 4444">
    <p class='ocr_par' dir='ltr' id='par_1_11' title="bbox 66 4220 1168 4444">
     <span class='ocr_line' id='line_1_50' title="bbox 66 4220 1166 4296; baseline 0.002 -18"><span class='ocrx_word' id='word_1_462' title='bbox 66 4220 92 4288; x_wconf 87' lang='grc'><strong>1)</strong></span> <span class='ocrx_word' id='word_1_463' title='bbox 102 4226 174 4282; x_wconf 85' lang='lat' dir='ltr'><strong>Haeo</strong></span> <span class='ocrx_word' id='word_1_464' title='bbox 193 4239 247 4282; x_wconf 86' lang='lat' dir='ltr'><strong>tam</strong></span> <span class='ocrx_word' id='word_1_465' title='bbox 265 4230 295 4281; x_wconf 81' lang='lat' dir='ltr'><strong>im</strong></span> <span class='ocrx_word' id='word_1_466' title='bbox 314 4229 401 4282; x_wconf 78' lang='lat' dir='ltr'><strong>codice</strong></span> <span class='ocrx_word' id='word_1_467' title='bbox 420 4247 505 4295; x_wconf 71' lang='lat' dir='ltr'><strong>stupra</strong></span> <span class='ocrx_word' id='word_1_468' title='bbox 524 4229 635 4281; x_wconf 84' lang='lat' dir='ltr'><strong>laudato</strong></span> <span class='ocrx_word' id='word_1_469' title='bbox 654 4247 734 4296; x_wconf 83' lang='lat' dir='ltr'><strong>quam</strong></span> <span class='ocrx_word' id='word_1_470' title='bbox 746 4229 775 4281; x_wconf 82' lang='lat' dir='ltr'><strong>in</strong></span> <span class='ocrx_word' id='word_1_471' title='bbox 788 4229 915 4295; x_wconf 79' lang='lat' dir='ltr'><strong>impressa</strong></span> <span class='ocrx_word' id='word_1_472' title='bbox 932 4225 1030 4280; x_wconf 81' lang='lat' dir='ltr'><strong>Olioera&#39;</strong></span> <span class='ocrx_word' id='word_1_473' title='bbox 1047 4229 1166 4294; x_wconf 76' lang='lat' dir='ltr'><strong>historia,</strong></span> 
     </span>
     <span class='ocr_line' id='line_1_51' title="bbox 67 4301 1168 4369; baseline -0.001 -16"><span class='ocrx_word' id='word_1_474' title='bbox 67 4311 104 4361; x_wconf 64' lang='grc' dir='ltr'><strong>αι).</strong></span> <span class='ocrx_word' id='word_1_475' title='bbox 125 4301 246 4368; x_wconf 77' lang='grc' dir='ltr'><strong><em>Εοοατά.,</em></strong></span> <span class='ocrx_word' id='word_1_476' title='bbox 271 4303 347 4369; x_wconf 80' lang='lat' dir='ltr'><strong>Oorp.</strong></span> <span class='ocrx_word' id='word_1_477' title='bbox 366 4304 427 4354; x_wconf 73' lang='lat' dir='ltr'><strong>aar.</strong></span> <span class='ocrx_word' id='word_1_478' title='bbox 447 4303 488 4367; x_wconf 92' lang='lat' dir='ltr'><strong>II,</strong></span> <span class='ocrx_word' id='word_1_479' title='bbox 511 4321 539 4369; x_wconf 84' lang='lat' dir='ltr'><strong>p.</strong></span> <span class='ocrx_word' id='word_1_480' title='bbox 561 4303 639 4366; x_wconf 78' lang='lat'><strong>1³98,</strong></span> <span class='ocrx_word' id='word_1_481' title='bbox 664 4303 766 4357; x_wconf 63' lang='lat' dir='ltr'><strong>dunat.</strong></span> <span class='ocrx_word' id='word_1_482' title='bbox 850 4303 879 4368; x_wconf 80' lang='lat'><strong>2)</strong></span> <span class='ocrx_word' id='word_1_483' title='bbox 904 4301 981 4352; x_wconf 85' lang='lat' dir='ltr'><strong>Haec</strong></span> <span class='ocrx_word' id='word_1_484' title='bbox 1004 4302 1034 4352; x_wconf 81' lang='lat' dir='ltr'><strong>in</strong></span> <span class='ocrx_word' id='word_1_485' title='bbox 1060 4302 1168 4356; x_wconf 77' lang='lat' dir='ltr'><strong>Olioera&#39;a&#39;</strong></span> 
     </span>
     <span class='ocr_line' id='line_1_52' title="bbox 67 4371 1164 4444; baseline 0.005 -24"><span class='ocrx_word' id='word_1_486' title='bbox 67 4371 166 4434; x_wconf 79' lang='lat' dir='ltr'><strong>epistola</strong></span> <span class='ocrx_word' id='word_1_487' title='bbox 183 4378 286 4440; x_wconf 82' lang='lat' dir='ltr'><strong>desunt,</strong></span> <span class='ocrx_word' id='word_1_488' title='bbox 311 4377 358 4430; x_wconf 84' lang='lat' dir='ltr'><strong>sed</strong></span> <span class='ocrx_word' id='word_1_489' title='bbox 376 4376 455 4430; x_wconf 79' lang='lat' dir='ltr'><strong>etima</strong></span> <span class='ocrx_word' id='word_1_490' title='bbox 473 4377 502 4428; x_wconf 83' lang='lat' dir='ltr'><strong>in</strong></span> <span class='ocrx_word' id='word_1_491' title='bbox 527 4376 638 4428; x_wconf 70' lang='lat' dir='ltr'><strong>liriorta</strong></span> <span class='ocrx_word' id='word_1_492' title='bbox 660 4376 736 4442; x_wconf 79' lang='lat' dir='ltr'><strong>infra</strong></span> <span class='ocrx_word' id='word_1_493' title='bbox 760 4375 790 4426; x_wconf 80' lang='lat' dir='ltr'><strong>ia</strong></span> <span class='ocrx_word' id='word_1_494' title='bbox 808 4373 931 4442; x_wconf 83' lang='lat' dir='ltr'><strong>Append.</strong></span> <span class='ocrx_word' id='word_1_495' title='bbox 957 4375 1029 4427; x_wconf 84' lang='lat' dir='ltr'><strong>edita</strong></span> <span class='ocrx_word' id='word_1_496' title='bbox 1057 4378 1164 4444; x_wconf 67' lang='lat' dir='ltr'><strong>legitur:</strong></span> 
     </span>
    </p>
   </div>
   <div class='ocr_carea' id='block_1_10' title="bbox 67 4439 601 4504">
    <p class='ocr_par' dir='ltr' id='par_1_12' title="bbox 67 4439 601 4504">
     <span class='ocr_line' id='line_1_53' title="bbox 67 4439 601 4504; baseline 0.015 -11"><span class='ocrx_word' id='word_1_497' title='bbox 67 4439 125 4498; x_wconf 85' lang='lat' dir='ltr'><strong>licet</strong></span> <span class='ocrx_word' id='word_1_498' title='bbox 140 4451 234 4504; x_wconf 82' lang='lat' dir='ltr'><strong>frustra</strong></span> <span class='ocrx_word' id='word_1_499' title='bbox 252 4451 288 4502; x_wconf 87' lang='lat' dir='ltr'><strong>ad</strong></span> <span class='ocrx_word' id='word_1_500' title='bbox 306 4451 469 4503; x_wconf 88' lang='lat' dir='ltr'><strong>manendum</strong></span> <span class='ocrx_word' id='word_1_501' title='bbox 486 4453 601 4502; x_wconf 90' lang='lat' dir='ltr'><strong>invitati.</strong></span> 
     </span>
    </p>
   </div>
   <div class='ocr_carea' id='block_1_11' title="bbox 849 4515 914 4580">
    <p class='ocr_par' dir='ltr' id='par_1_13' title="bbox 849 4515 914 4580">
     <span class='ocr_line' id='line_1_54' title="bbox 849 4515 914 4580; baseline 0.046 -3"><span class='ocrx_word' id='word_1_502' title='bbox 849 4515 914 4580; x_wconf 82' lang='lat'><strong>16*</strong></span> 
     </span>
    </p>
   </div>
   <div class='ocr_carea' id='block_1_12' title="bbox 0 0 1509 4998">
    <p class='ocr_par' dir='ltr' id='par_1_14' title="bbox 0 0 1509 4998">
     <span class='ocr_line' id='line_1_55' title="bbox 0 0 1509 4998; baseline 0 0"><span class='ocrx_word' id='word_1_503' title='bbox 0 0 1509 4998; x_wconf 95' lang='lat' dir='ltr'><strong> </strong></span> 
     </span>
    </p>
   </div>
  </div>
 </body>
</html>
