2934 4998
143 413 332 466 CHRONIOA
350 413 464 466 REGIA
484 411 739 465 communem.
759 411 862 463 CONT.
873 412 906 463 V.
926 411 1052 463 A.1241.
1126 409 1178 461 281

46 603 183 680 sponsa
208 581 253 646 illi
275 590 431 668 perpetua
459 580 666 658 subiectione,
697 580 724 644 si
752 601 810 664 per
837 600 966 664 operam
994 600 1085 643 suam
1108 599 1180 643 eon·
1240 569 1246 576 ⁶

44 675 202 751 tingeret
227 667 335 751 ipsum
360 685 495 729 renum
524 663 661 752 [suarna]
688 684 887 749 recuperare.
937 663 991 726 Ex
1018 662 1079 728 hoc
1108 685 1180 728 con·

44 748 154 814 flictu
175 759 207 815 et
227 759 301 815 ante
323 770 382 813 eon
407 754 506 814 ictum
531 757 598 811 tarn
619 745 751 812 Polonie
781 768 878 833 quam
901 746 1066 832 Hungarie
1087 746 1181 813 multi

43 834 177 898 fratres
197 833 418 899 Prodicatores
447 840 479 896 et
499 832 640 896 Minores
668 843 848 912 evaserunt,
879 831 934 916 qui
959 831 1051 918 signo
1075 832 1180 897 crucis

77 940 120 982 er
142 927 243 982 totam
264 917 330 982 fere
345 914 581 982 Teuthoniaml
604 913 737 980 clericos
760 924 792 978 et
811 913 910 979 laicos
932 914 1087 979 adversus
1109 938 1180 1001 pre--

80 1002 167 1067 ’ctos
182 1001 336 1067 barbaros
351 1008 564 1064 armaverunt.
601 999 782 1085 Imperator
796 999 893 1064 etiam
908 998 1036 1084 scripsit
1050 1022 1180 1084 magna·

45 1084 150 1150 tibus
165 1085 373 1167 Teuthonie0,
395 1093 432 1149 ut
454 1105 488 1148 se
509 1083 544 1147 in
565 1082 758 1148 adiutorium
780 1084 882 1168 ipsius
903 1093 1119 1169 prepararent,
1142 1104 1179 1148 eo

48 1169 150 1257 quod
179 1170 246 1254 ipse
275 1168 372 1234 vellet
398 1169 511 1233 afferre
538 1167 695 1231 auxilium
719 1166 839 1253 populo
869 1166 1040 1232 christiano
1070 1177 1181 1232 contra

45 1253 286 1318 truculentiam
300 1251 511 1319 barbarorum
521 1263 541 1315 ¹.
578 1252 653 1338 Ipse
667 1253 764 1316 etiam
779 1273 847 1333 rex,
862 1252 947 1315 filius
968 1253 1180 1338 imperatoris,

46 1337 325 1424 archiepiscopus
359 1335 560 1401 Coloniensis
600 1345 631 1400 et
662 1335 793 1421 plurimi
824 1335 948 1400 nobiles
980 1336 1181 1402 Teuthcnie⁰

48 1423 191 1508 signum
213 1423 316 1486 crucis
331 1419 480 1485 vivifice⁴¹
503 1428 765 1504 assumpserunt.
795 1419 907 1484 Timor
927 1433 1011 1484 ιιοιιθ
1034 1421 1179 1486 modicus

47 1505 207 1570 eiusdem
231 1505 365 1571 barbare
410 1505 491 1569 entis
513 1505 701 1568 remotiores
724 1504 821 1568 etiarn
842 1514 959 1589 partes,
990 1525 1055 1568 non
1077 1504 1180 1570 solum

50 1588 212 1670 Galliam,
245 1589 302 1654 sed
331 1597 363 1655 et
383 1528 607 1674 durgsmdiam
636 1587 881 1735 etH1spamam
908 1600 1034 1670 invasit,
1063 1591 1181 1675 quibus

49 1695 181 1738 nomen
195 1674 403 1739 Tartarorum
423 1683 517 1737 antea
537 1672 737 1756 incognitum
766 1675 820 1736 uit.
864 1671 966 1736 Multa
988 1671 1118 1758 quidem
1140 1674 1181 1739 de

53 1767 146 1839 ortu,
174 1758 237 1823 ritu
264 1767 296 1822 et
316 1758 406 1823 victu
426 1756 571 1843 predicte
592 1756 728 1822 barbare
749 1756 853 1840 gentis
876 1755 1024 1820 audimus
1046 1757 1181 1822 incredi-

54 1841 143 1908 bilia
156 1852 188 1906 et
203 1843 332 1906 omnino
352 1842 537 1922 inhumana,
563 1862 626 1926 que
647 1839 790 1905 nondum
808 1839 902 1904 nobis
919 1840 1033 1926 plenef
1050 1842 1180 1927 cognita

52 1925 302 2012 supersedimus
329 1925 404 1990 hies
426 1924 604 2006 scribenda,
633 1925 736 1989 donee
762 1924 855 1989 nobis
878 1947 974 2009 super
1002 1923 1064 1989 hoe
1092 1948 1180 1990 mera

52 2012 183 2076 veritas
205 2008 368 2075 illucescat
376 2010 400 2092 ¹¹,
423 2031 519 2095 quam
540 2008 611 2072 loeo
634 2030 776 2094 congruo
794 2007 948 2072 ducemus
972 2010 1152 2095 ponendam
1160 2011 1179 2076 ¹.

146 2095 222 2180 Ipso
244 2115 327 2158 anno
343 2094 548 2158 Hermannus
570 2090 799 2178 lantgraviusl,
829 2092 914 2157 tilius
936 2103 1045 2158 sancte
1068 2093 1180 2179 Elysa·

52 2177 166 2260 bethl,
188 2179 283 2261 obiit3
307 2179 373 2264 qui,
395 2178 562 2263 repudiata
582 2174 649 2241 filia
669 2177 870 2262 imperatoris
891 2175 955 2242 sibi
976 2177 1178 2263 desponsata,

52 2262 181 2328 filiam²
205 2261 296 2327 ducis
320 2262 359 2327 de
381 2262 597 2326 Brunswiehln
620 2263 756 2327 duxerat
776 2264 811 2325 in
831 2284 976 2328 uxorem.

145 2346 222 2410 Iso
251 2369 335 2412 anno
363 2355 437 2432 post
465 2358 597 2410 octavas
628 2347 851 2432 penthecostes
880 2356 1287 2413 torneamentumnenaa.

54 2429 149 2516 apud
202 2431 322 2495 ussiam
344 2440 393 2495 est
413 2429 567 2510 habitum,
589 2432 623 2493 in
645 2451 708 2516 quo
731 2431 858 2494 circiter
881 2440 1009 2496 centum
1030 2431 1092 2494 viri
1114 2440 1179 2495 tam

54 2514 187 2580 nobiles
199 2536 304 2662 fpuam
325 2515 518 2600 prestantisn
544 2513 630 2580 fame
658 2512 774 2578 milites
802 2513 907 2579 calore
935 2515 1018 2579 aeris
1039 2512 1090 2579 vel
1107 2514 1179 2664 pul-

55 2621 137 2663 vere
161 2621 198 2662 su
223 2600 307 2662 ocati
333 2600 448 2663 misere
474 2609 550 2663 sunt
571 2599 715 2679 extincti,
737 2599 931 2697 quibusdam
959 2600 1106 2664 sentienti
1132 2621 1178 2682 us,

55 2682 95 2746 id
117 2684 225 2769 potius
247 2682 356 2747 divina
373 2681 515 2747 vindicta
537 2703 635 2768 quarn
656 2682 775 2747 labens
796 2681 963 2749 tolerantia
984 2684 1092 2748 animo
1112 2685 1179 2747 vin-

57 2766 159 2832 cendi
179 2767 389 2853 proveniente
411 2765 460 2830 vel
482 2767 566 2830 aeris
586 2767 776 2853 intemperie
797 2767 962 2834 accidisse.

149 2851 275 2916 Eodem
290 2872 373 2915 anno
388 2852 418 2915 5.
429 2850 507 2915 Idus
522 2850 595 2914 Iulii
620 2862 694 2951 post
715 2872 768 2915 cre
792 2850 938 2915 usculum
961 2853 1180 2937 vespertinum
1190 2871 1229 2911 aa
1242 2872 1279 2913 11.

57 2934 104 2999 ad
126 2937 222 2999 unius
244 2934 320 2999 hore
343 2935 482 3020 spatium
496 2933 600 3019 figura
621 2957 716 3019 rgnea
735 2959 755 3000 a
792 2935 923 2999 modurn
946 2936 1095 3000 draconis
1109 2937 1180 3001 visa

58 3020 161 3085 estin
175 3041 248 3083 aere
259 3017 392 3084 volitare
407 3017 448 3082 ab
465 3030 536 3083 ortu
550 3020 584 3082 in
599 3040 758 3100 occasum,
779 3018 900 3084 habens
916 3029 1013 3105 caput
1026 3041 1179 3104 magnum

58 3115 93 3168 et
114 3102 319 3188 splendidum
352 3113 384 3168 et
413 3125 530 3187 corpus
554 3101 728 3188 oblongum
752 3113 784 3168 et
809 3124 958 3187 grossum
980 3125 1054 3167 eum
1076 3103 1180 3168 cauda

57 3185 176 3272 gracili
197 3194 229 3252 et
250 3188 359 3269 rubea,
391 3189 483 3252 euius
509 3185 676 3271 longitudo
698 3186 871 3251 videbatur
897 3186 939 3251 ad
966 3185 1178 3275 quadraginta

58 3271 188 3336 cubitos
203 3271 345 3337 extendi.
371 3271 443 3335 Hee
458 3269 562 3356 figura
576 3272 725 3336 draconis
737 3269 869 3335 Colonia
883 3272 953 3336 visa
968 3280 1017 3335 est
1030 3270 1179 3336 Rhenum

58 3355 270 3437 transvolare,
293 3353 363 3420 aliis
382 3363 490 3420 autem
510 3356 544 3418 in
556 3353 759 3441 Westphalia
773 3354 824 3419 vel
845 3354 945 3419 alias⁰
968 3356 1178 3421 existentibus

58 3440 214 3526 apparuit
236 3438 414 3504 secundum
440 3437 566 3504 illorum
588 3440 682 3504 situm
705 3439 844 3524 regionis
865 3449 899 3504 et
919 3440 1036 3521 locum,
1066 3440 1179 3504 eadem

58 3523 166 3588 forma
187 3533 403 3610 permanente.
446 3521 519 3586 Non
542 3522 676 3587 multum
691 3534 765 3610 post
778 3527 929 3608 temporis
945 3524 1095 3609 apparuit
1115 3545 1179 3588 non

59 3608 196 3671 minoris
222 3609 409 3707 quantitatis
436 3605 539 3672 forma
567 3608 664 3691 ignea
692 3606 732 3670 ab
762 3628 879 3671 occasu
909 3607 984 3672 solis
1012 3608 1046 3670 in
1074 3617 1178 3672 ortum

59 3691 196 3755 volans!³
220 3713 307 3757 eirca
328 3690 553 3778 crepusculum
575 3691 687 3774 nentia,
710 3713 773 3776 que
795 3691 858 3756 cito
881 3691 1047 3791 disparuit.

146 3775 224 3862 Ipso
234 3798 319 3842 anno
329 3777 464 3842 moritur
474 3795 562 3862 papa
573 3774 749 3859 Gregorius
761 3775 848 3840 circa
858 3775 999 3841 medium
1010 3775 1149 3860 Augusti
1155 3785 1179 3858 ⁴,

61 3956 86 4012 ι)
102 3960 158 3998 deest
174 3958 224 3998 121.
264 3957 289 4004 bt
306 3955 454 3998 (termentum
471 3957 521 3996 Di.
564 3955 585 4008 a)
601 3955 804 3998 Germanicum.
849 3954 872 4007 d)
888 3956 958 3998 unice
974 3957 1023 3998 Μ.
1062 3953 1083 4006 e)
1099 3957 1178 4008 n1213

61 4017 191 4058 eutth.
238 4014 395 4067 ftbeneDl.
447 4014 608 4067 emacem.
662 4014 885 4066 htelnceseatDt.
938 4012 955 4065 t)
973 4027 992 4055 e.
1010 4015 1178 4057 dicemnsm.

61 4074 87 4128 tr)
103 4076 255 4125 landgravius
271 4074 319 4114 Dl.
380 4074 398 4124 l)
414 4075 473 4114 niis.
489 4075 536 4116 ns.
598 4072 630 4125 m)
646 4074 777 4114 Brunsutoh
793 4074 841 4114 Μ.
908 4071 933 4124 ιι)
949 4077 1135 4124 torneamentum
1153 4096 1180 4107 -

61 4135 245 4184 pronuntietur.
262 4134 310 4173 Di.
371 4131 394 4185 ο)
410 4132 468 4174 alibi
483 4133 532 4174 Μ,
592 4131 617 4184 p)
633 4134 734 4174 volantis
749 4133 831 4173 Dm.

62 4263 91 4333 1)
110 4265 183 4318 Patr.
202 4265 235 4316 de
254 4262 350 4328 Vitas,
369 4266 413 4320 30.
444 4263 483 4331 Of.
501 4264 626 4329 Biihmer,
646 4263 710 4332 Bep.
728 4282 771 4316 ur.
794 4266 861 4315 1011
882 4280 937 4329 sqq.
989 4261 1018 4330 2)
1037 4264 1176 4328 Helenum,

54 4338 143 4404 fllium
170 4337 271 4389 Ottoais
290 4338 315 4390 Ι.
347 4335 380 4389 Α.
474 4337 504 4404 3)
528 4337 570 4390 De
596 4338 643 4389 hoo
671 4345 848 4390 torneamento
874 4337 929 4405 opit
954 4335 1034 4390 etium
1064 4337 1177 4389 litemus

63 4409 183 4477 Oantipr.
203 4411 272 4463 Bou.
292 4410 366 4463 uuio.
380 4410 422 4475 II,
439 4429 459 4463 c.
479 4411 524 4464 48.
554 4409 581 4463 0.
621 4409 777 4479 alequa
798 4409 1178 4477 22,·o.1³outael,p.eet.
