2934 4998
178 429 356 481 CHRONICI
374 428 537 480 RHYTHM.
558 428 801 481 COLONIENSIS
820 428 1052 480 FRAGMENTA.
1119 428 1173 479 315

201 603 335 668 nantes
358 618 392 660 se
414 595 535 673 sceleri,
560 597 696 683 cupiunt
716 597 820 682 magis
842 597 916 662 inde
938 599 1053 684 timeri,

145 697 181 746 50
204 680 270 746 Sed
292 678 364 766 plus
386 682 498 766 augeri
519 690 610 768 patet
631 680 706 745 hino
728 680 903 767 odiumque
925 685 1049 750 mereri.

203 764 356 830 Vindicat
375 764 411 829 id
432 764 520 829 clara
541 767 706 850 cognacio,
728 767 781 829 oui
803 765 839 830 fit
860 787 969 830 amara

201 849 291 914 Mors
314 849 396 914 sibi²
417 871 482 914 non
504 871 589 931 cara,
611 849 699 913 necis
722 871 760 914 ac
781 848 887 914 illacio
910 873 992 915 rara.

202 934 356 1005 'l'andem
371 933 411 998 de
425 933 557 1019 publico
572 943 704 1019 sumptu
718 933 821 998 scelus
835 934 897 998 hoc
912 935 1115 1022 redimentes,

202 1018 282 1084 Tem
308 1041 361 1083 ore
379 1029 459 1166 lpost
480 1018 608 1082 modico
628 1018 754 1082 facinus
775 1019 869 1104 peius
890 1018 1053 1105 facientes,

145 1117 180 1167 55
203 1103 258 1168 Sic
313 1104 378 1167 irce
392 1103 479 1167 ‘num
503 1103 704 1168 Gerardum¹
728 1103 824 1168 rebus
846 1112 996 1185 ementes,

201 1187 399 1274 Dampnant,
420 1186 569 1252 festinum
591 1209 649 1272 per
670 1208 751 1272 opus
773 1209 851 1251 mox
872 1189 1098 1256 interimentes·

201 1277 277 1343 Nec
299 1271 427 1336 valuere
448 1293 561 1357 preces
582 1279 690 1356 empto
713 1271 835 1336 deferre
857 1275 974 1354 cruori,

200 1355 254 1420 Nil
276 1355 419 1420 eiciendo
440 1378 538 1421 neces
559 1357 666 1442 potuit
687 1358 764 1421 satis
786 1379 856 1421 esse
877 1357 987 1422 furori.

203 1440 233 1507 Ο
255 1449 322 1505 tam
343 1438 533 1526 suppliciter
553 1441 744 1525 rogitantem
766 1439 905 1506 vidimus
927 1440 1027 1525 illum,

145 1541 179 1589 60
202 1525 247 1590 Ut
269 1525 331 1590 sibi
352 1526 464 1589 mortis
485 1525 548 1589 iter
569 1522 688 1589 vellent
709 1524 836 1590 differre
857 1524 1019 1610 pusillum,

203 1616 287 1686 ssuo
311 1632 370 1674 sua
390 1618 525 1694 peccata
546 1619 657 1695 posset
675 1630 816 1694 purgare
836 1607 954 1674 luendo

200 1694 303 1759 Trans
325 1715 423 1775 mare,
447 1703 558 1758 curata
578 1694 707 1758 racione
729 1695 816 1757 viam
836 1692 995 1762 faciendo.

200 1780 369 1844 Presentes
390 1778 524 1843 aderant
544 1776 590 1842 ibi
612 1778 725 1842 fratres
747 1776 1030 1860 Theutonicorum,

202 1863 268 1943 Qui
312 1864 430 1948 rompti
451 1863 577 1927 fuerant
597 1862 683 1926 hunc
705 1861 826 1926 ordinis
848 1885 918 1927 esse
941 1884 1081 1927 suorum.

143 1961 179 2011 65
201 1886 310 2024 Quod
330 1945 406 2011 licet
425 1947 541 2013 iratum
563 1967 629 2010 non
650 1944 778 2031 vulgus,
799 1947 869 2011 iure
891 1969 1021 2012 movere

200 2032 300 2097 Urbis
322 2029 480 2117 prelatum
502 2030 642 2096 debebat
662 2051 808 2116 parcere3
831 2029 908 2094 flere

200 2115 349 2180 Vidimus
364 2115 449 2180 hunc
465 2117 506 2182 ob
522 2115 617 2198 idem,
634 2115 691 2180 sed
704 2114 824 2180 factum
840 2112 1067 2198 dissimulavit3

199 2200 272 2265 Non
294 2202 423 2267 turbare
446 2197 575 2286 quidem
597 2199 724 2284 plebem
746 2197 825 2282 vult,
848 2223 910 2286 que
932 2199 993 2264 sibi
1014 2197 1104 2264 favit.

198 2288 312 2356 Aures
327 2285 477 2349 obturant
491 2284 661 2369 precibus3
682 2284 839 2348 fortunus
854 2285 999 2348 eorum*:
1176 2303 1335 2362 crisonari-

144 2384 178 2433 70
201 2369 279 2435 ‘Our
289 2379 413 2434 tantum
425 2368 541 2433 durant
551 2367 635 2432 hec?
652 2369 739 2432 sisic
756 2369 870 2433 unicus
886 2368 998 2432 borum
1178 2363 1312 2410 ⁰¹¹⁸B⁰¹¹²'·

200 2454 282 2518 Tam
305 2453 345 2518 de
366 2452 489 2518 difficili
509 2475 568 2538 per
588 2474 647 2516 nos
670 2452 765 2517 modo
787 2453 1005 2534 mortificatur,

175 2605 179 2613 ,
201 2538 340 2602 Tardius
362 2561 404 2602 ex
425 2536 522 2601 simili
542 2536 674 2622 reliquis
695 2537 755 2602 hec
776 2559 861 2622 pena
882 2534 1032 2622 paratur’.

200 2621 262 2694 Nil
283 2625 374 2686 iuvat
395 2621 551 2705 oblatum3
573 2642 640 2686 vox
660 2621 806 2707 prevalet
826 2622 1044 2708 impietatum,

200 2706 379 2793 Tamquam
401 2707 609 2792 dampnatum
633 2705 754 2770 ducunt
775 2706 861 2770 hunc
883 2706 1110 2791 decapitatum,

145 2807 179 2856 ⁷5
203 2791 338 2856 Sanctos
361 2803 513 2872 orantem,
536 2811 595 2876 pro
618 2811 704 2854 nuno
726 2791 866 2876 rogitare
888 2800 1085 2876 precantem,

202 2875 345 2940 Crimina
366 2873 554 2961 plorantem,
577 2873 734 2938 scelerum
755 2877 885 2939 veniam
908 2875 1113 2974 rogitantem.

200 2961 265 3032 §ic
287 2959 366 3024 alias
388 2961 537 3024 meritum
559 2979 618 3044 pro
641 2956 743 3043 culpis
766 2970 860 3024 antea
881 2960 975 3024 factrs

200 3045 260 3109 Vir
281 3046 368 3131 capit
389 3044 568 3127 interitum3
591 3043 727 3106 formam
750 3042 839 3108 dedit
860 3044 966 3106 exitus
988 3043 1078 3126 actis,

201 3128 266 3194 Sed
289 3151 344 3194 cor
366 3129 538 3193 contritum
560 3126 673 3209 salvat,
696 3149 787 3212 spem
809 3126 915 3191 dando
938 3125 1058 3191 salutis.

143 3229 179 3277 80
200 3213 272 3279 Hec
295 3223 400 3278 ortum
423 3211 564 3278 subitum
586 3211 663 3276 dant
708 3211 795 3275 ravis
816 3210 891 3276 inde
914 3211 1041 3275 secutis.

200 3301 342 3370 §ummo
365 3298 451 3362 dicta
473 3298 537 3361 scio
560 3305 636 3360 tunc
658 3234 734 3360 talia
755 3295 854 3360 verba
898 3296 1036 3358 riorum:

200 3381 277 3446 ‘Our
299 3405 341 3447 ex
364 3381 468 3447 officio
490 3380 586 3445 modo
608 3403 674 3444 non
695 3379 849 3445 obsistitis
870 3317 984 3443 librum

200 3466 343 3549 Nisibus,
366 3465 535 3531 ecclesiam
558 3465 614 3551 qui
635 3475 682 3529 tot
702 3464 859 3591 privando
872 3463 1035 3562 'ministris

203 3596 774 3622 ...................
820 3559 965 3612 srmstns.

53 3712 77 3764 a)
95 3724 105 3752 e
120 3724 179 3754 corr.
195 3724 214 3753 c.
272 3715 296 3766 b)
313 3716 364 3754 haec
379 3715 463 3754 abscisa
477 3718 537 3753 sunt.

55 3843 84 3909 l)
111 3843 177 3896 (lum
208 3844 269 3898 aliis
300 3864 327 3897 a.
359 3847 429 3896 1259
459 3846 554 3909 (1260,
583 3843 675 3896 Enncn
705 3843 746 3908 II,
773 3861 805 3910 p.
831 3844 883 3893 148
912 3845 952 3908 n.)
984 3840 1171 3910 proscribitur,

54 3916 205 3970 Lacomblet
224 3919 265 3984 II,
280 3931 311 3986 p.
331 3920 394 3970 476.
415 3920 485 3982 4963
511 3919 558 3972 sed
577 3918 610 3970 de
630 3917 686 3970 eiua
704 3935 767 3970 nece
792 3917 859 3970 aliti
881 3916 953 3968 nibil
975 3915 1106 3968 traditum
1124 3924 1172 3966 est.

56 3993 84 4055 2)
103 3990 180 4044 Idem
198 4002 236 4044 est
258 4010 334 4060 quem
348 4001 411 4060 post
434 3993 510 4045 illam
533 3991 688 4044 seditionem
713 3989 886 4058 scabinosquc
910 3989 1000 4044 medos
1025 4005 1085 4042 cam
1110 3989 1172 4040 aliis

52 4065 269 4190 seaiiggmsscit
280 4065 419 4119 Conradus
432 4067 646 4133 archiepiscopus
656 4065 684 4118 d.
696 4067 739 4117 lt.
750 4067 816 4131 Apr.
829 4065 912 4129 12593
934 4082 959 4116 v.
970 4061 1171 4125 LacombletIL

52 4155 84 4204 p.
160 4177 167 4193 .
236 4178 242 4192 .

511 4315 710 4324 ——v—--a
