2970 4996
292 367 345 418 tuo
384 362 570 416 CHRONIOA
589 360 700 412 uuam
722 358 975 412 COLONIENSIS.
995 359 1099 412 CONT.
1118 357 1338 412 A.11⁷9.11so.

688 532 852 585 Bccenaio
872 533 896 586 I.
917 540 946 586 ct
965 532 1012 583 ΙΙ.

172 621 517 706 ran.12.Wirzeburg⁸‚
551 615 721 701 celebratl,
754 620 875 682 curiam
906 641 982 684 vero
1015 619 1048 680 in
1077 627 1192 683 octava
1220 615 1413 702 epiphaniae

290 704 518 774 Wormaciaeb
554 701 666 768 habuit
705 724 764 787 pro
796 702 940 800 predicta
978 702 1176 766 dissensione
1210 699 1413 768 Coloniensis

292 789 435 876 episcopi
464 795 496 852 et
524 786 614 851 ducis
642 795 673 852 et
702 787 884 872 principum
911 786 1113 852 orientalium
1141 785 1319 867 Saxonum,
1357 808 1413 934 ffiu

293 895 403 939 omnes
435 871 595 936 iusticiam
628 869 668 934 de
703 869 785 935 duce
815 891 835 933 a
868 891 976 935 cesare
1002 869 1226 956 implorabant,
1265 891 1339 932 curn
1396 893 1414 936 e

292 967 400 1024 tamen
422 955 538 1021 absens
560 965 654 1018 esset.
761 946 964 1034 Christianus
986 955 1041 1020 Mo
1066 955 1214 1018 ontinus⁰
1239 975 1257 1017 e
1281 955 1415 1040 iscopus
1473 1011 1474 1016 ,

293 1042 419 1127 capitur
440 1061 460 1103 a
481 1037 933 1105 mareravioduerret-montis
943 1049 965 1104 ².
1041 977 1140 1102 duria
1160 1037 1249 1123 apud
1299 1038 1414 1122 ageda-

292 1127 354 1191 bur
383 1135 395 1166 ⁰
419 1123 496 1188 satis
518 1120 670 1187 celebris.
714 1121 941 1202 Querimonias
960 1123 1102 1187 omnium
1125 1145 1206 1207 pene
1228 1123 1416 1208 principum

292 1209 339 1274 ibi
355 1148 477 1271 babitu
504 1217 552 1271 est
579 1205 619 1270 de
645 1205 727 1269 duce
758 1205 934 1288 Saxonum,
972 1207 1027 1292 qui
1055 1207 1118 1271 iam
1146 1229 1204 1306 per
1230 1227 1349 1269 annum
1373 1207 1416 1271 ad

293 1291 489 1357 audientiam
511 1298 644 1354 vocatus
666 1290 774 1354 venire
796 1299 852 1354 aut
873 1289 976 1354 noluit
996 1300 1053 1354 aut
1066 1291 1180 1371 timuit,
1203 1290 1312 1375 ibique
1327 1289 1416 1354 fraus

293 1379 362 1441 eius
390 1383 422 1438 et
449 1373 583 1460 perfidia
604 1373 746 1458 primurn
766 1375 951 1460 imperatori
976 1377 1101 1440 detecta
1123 1383 1180 1438 est.
1222 1373 1291 1438 Nec
1314 1373 1416 1438 multo

318 1469 367 1524 ost
388 1458 557 1544 expedicio
578 1458 612 1521 in
628 1456 802 1522 Saxonianr
818 1459 858 1523 ab
873 1459 1066 1545 imperatore
1086 1466 1119 1522 et
1133 1457 1335 1544 principibus
1352 1456 1415 1522 col·

292 1482 443 1608 laudatur
450 1553 475 1605 ὅ.
510 1541 694 1627 Episcopus
706 1541 915 1625 Coloniensis,
932 1540 1067 1608 collecto
1081 1541 1154 1606 forti
1170 1539 1280 1624 milite,
1295 1552 1416 1606 terram
1472 1599 1475 1618 ,

294 1627 385 1692 ducis
400 1627 515 1690 iterum
529 1633 677 1710 potenter
690 1626 863 1710 ingressus,
884 1625 969 1690 nullo
983 1626 1045 1691 sibi
1057 1627 1234 1707 resistente,
1255 1626 1325 1689 sine
1340 1647 1417 1690 con-

293 1711 458 1796 gressione
473 1731 601 1796 pugnae
639 1709 752 1774 acifice
767 1710 870 1774 rediit.
934 1710 1029 1774 Estas
1042 1718 1263 1796 tempestuosa
1283 1711 1418 1790 exstitit,

293 1797 339 1860 ita
389 1794 454 1859 uod
482 1815 592 1859 mense
613 1732 706 1858 lunio
728 1793 851 1878 lapides
872 1793 1036 1878 grandinis
1057 1793 1203 1858 insolitae
1225 1795 1419 1879 quantitatis

295 1817 490 1944 ceciderunt.
556 1877 736 1963 Episcopus
759 1878 994 1942 Traiectensis³
1018 1889 1050 1942 et
1071 1899 1178 1942 comes
1200 1876 1419 1944 Hollandiae⁴

295 1971 407 2028 contra
435 1963 593 2027 Fresones
620 1982 710 2025 arma
730 1971 908 2042 moverunt,
944 1961 1002 2026 sed
1028 1963 1096 2025 sine
1117 1960 1239 2026 honore
1259 1963 1418 2028 victoriae
1474 2035 1476 2050 ¹

197 2046 465 2112 Aonredierunt.
550 2043 714 2110 Kalendas
736 2045 877 2129 Augusti
898 2056 1001 2111 terrae
1029 2055 1134 2112 motus
1156 2043 1225 2128 fuit,
1249 2056 1282 2110 et
1303 2046 1419 2110 eadem
1473 2053 1476 2128 l

294 2131 346 2195 die
369 2131 454 2193 circa
475 2130 587 2193 horam
609 2139 735 2193 sextam
757 2128 848 2194 stella
868 2131 961 2195 iuxta
981 2129 1080 2195 solem
1103 2130 1173 2194 visa
1195 2139 1252 2195 est.
1288 2129 1417 2194 Eodem
1475 2139 1476 2158 ³

294 2235 403 2279 mense
426 2212 566 2297 eclypsis
589 2210 684 2276 lunae
705 2214 739 2275 in
754 2211 929 2311 plenilunio
952 2233 972 2276 a
993 2213 1100 2278 media
1121 2222 1215 2278 nocte
1231 2235 1335 2298 usque
1350 2213 1417 2278 adh
1475 2225 1476 2256 l

293 2318 387 2361 mane
414 2297 545 2360 exstitit.
628 2295 839 2361 Ludouucusi
862 2321 920 2362 rex
941 2298 1099 2362 Franciae
1122 2298 1238 2381 obiit⁵3
1269 2299 1323 2361 cui
1344 2297 1419 2362 Phi·
1474 2297 1476 2342 l

292 2380 401 2468 lippus
410 2381 435 2463 ¹¹,
456 2379 540 2442 filius
562 2380 640 2460 eius,
663 2380 815 2446 succedit.
1473 2345 1476 2448 l

599 2462 687 2552 [dial]
732 2464 826 2529 Anno
848 2466 1010 2530 Dominim
1034 2466 1138 2544 1180„

377 2547 555 2695 Imperator
589 2546 694 2612 natale
727 2548 860 2613 Domini
891 2549 978 2635 apud
1009 2545 1231 2634 Herbipolim⁶
1265 2547 1417 2618 celebrat.
1475 2509 1477 2594 l

169 2647 283 2690 Mart-2⁷·
294 2633 333 2697 In
366 2654 417 2695 me
441 2632 472 2696 ia
504 2630 751 2717 quadragesima
784 2634 905 2696 curiam
928 2633 1015 2718 apud
1039 2631 1254 2697 (iclinhusinn
1291 2631 1417 2698 habuit
1475 2667 1477 2686 ψ

294 2717 344 2784 Ibi
367 2716 529 2780 sentencia
549 2716 651 2800 ipsius
674 2717 791 2780 cesaris
824 2726 856 2782 et
875 2717 997 2781 iudicio
1019 2727 1206 2781 cunctorum
1227 2717 1417 2802 principum

294 2800 364 2865 dux
386 2800 546 2865 Saxoniae
568 2799 688 2865 ducatu
715 2822 773 2864 suo
796 2803 950 2886 privatur,
979 2809 1012 2864 et
1039 2821 1171 2865 assensu
1202 2811 1419 2864 cunctorum⁰
1476 2865 1477 2878 ἶ

293 2885 464 2971 episcopus
487 2882 688 2948 Coloniensis
720 2885 753 2947 in
785 2907 844 2949 sua
869 2885 988 2949 diocesi
1015 2894 1048 2948 et
1073 2906 1132 2971 per
1159 2905 1284 2947 omnem
1309 2885 1419 2949 West·
1475 2913 1477 2982 p

292 2968 421 3033 faliamr
444 2977 476 3032 et
489 2966 668 3050 Angriam‘l
684 2966 787 3032 eidem
811 2968 942 3033 ducatui
964 2969 1144 3053 preficitur3
1166 2967 1292 3052 reliqua
1305 2977 1418 3036 autem
1475 2985 1477 3050 l

292 3074 368 3138 pars
397 3073 456 3150 per
488 3073 614 3116 omnem
645 3049 821 3115 Saxoniam
853 3053 963 3117 comiti
989 3052 1153 3117 Bernardo
1183 3051 1223 3116 de
1250 3050 1421 3117 Hanahalt
1476 3051 1477 3058 '

293 3134 452 3201 obvenrt².
543 3134 663 3199 Nuncii
684 3137 769 3220 regis
789 3136 947 3201 Franciae
968 3137 1191 3221 imperatorem
1210 3134 1418 3200 SinzecheM

292 3219 412 3285 adeunt
433 3241 506 3284 cum
528 3217 640 3284 litteris
662 3219 807 3286 eiusdem
833 3221 927 3305 regis,
957 3220 990 3282 in
1013 3219 1130 3305 quibus
1157 3242 1191 3285 se
1218 3218 1337 3302 devote
1360 3241 1419 3284 ex·

293 3305 427 3386 cusavit,
448 3325 525 3367 num
549 3325 623 3367 uam
639 3303 701 3368 sibi
722 3305 828 3368 animo
847 3302 956 3383 fuisse,
978 3313 1015 3368 ut
1033 3325 1129 3368 causa
1144 3303 1234 3367 ducis
1251 3303 1419 3369 Saxoniae

291 3389 479 3474 imperatori
500 3325 675 3456 rebellaret.
720 3389 887 3474 idipsum
915 3389 1026 3452 nuncii
1056 3388 1182 3452 comitis
1203 3387 1419 3453 Flandransis

292 3471 333 3536 de
355 3472 484 3536 domino
511 3493 569 3535 suo
597 3471 685 3536 credi
706 3472 868 3556 petebant.
912 3472 1128 3556 Utrorumque
1155 3473 1290 3536 nuncios
1312 3473 1418 3558 impe-

292 3564 380 3620 rator
409 3576 481 3618 cum
511 3553 632 3619 honore
659 3565 692 3619 et
720 3578 800 3641 pace
828 3557 960 3621 remisit.
1046 3557 1161 3640 Pugna
1187 3556 1270 3619 inter
1295 3555 1416 3621 ducem

294 3639 456 3705 Saxoniae
471 3645 503 3703 et
512 3637 726 3724 lantgravium
741 3662 925 3726 novumque
941 3640 1055 3704 ducem
1068 3638 1311 3704 Bernhardums
1327 3661 1418 3704 com·

292 3779 316 3833 a)
329 3781 498 3824 witzenburch
513 3781 533 3820 A
543 3783 565 3830 23
582 3783 732 3824 wirceburch
748 3785 767 3823 Β
777 3786 796 3825 l.
812 3785 844 3824 02
860 3795 949 3834 semper.
1024 3783 1049 3836 b)
1073 3763 1198 3825 &ismaele
1214 3785 1233 3824 B
1243 3788 1263 3834 1;
1283 3761 1418 3826 daimatis

292 3841 341 3882 Aa.
358 3841 400 3883 08,
446 3840 633 3891 effluendum.
652 3842 775 3890 namtas.
827 3841 1085 3893 dlmarchgraviort2;
1101 3842 1219 3894 marlvlo
1235 3844 1283 3884 Bl.
1331 3841 1416 3896 ellia-

292 3899 461 3950 &abaraham
478 3900 619 3948 btagedebur
634 3900 674 3940 01.
692 3901 713 3940 8.
779 3899 928 3951 nubiuo.
945 3913 968 3952 p.
985 3913 1019 3952 pr,
1036 3904 1057 3942 h.
1077 3904 1124 3943 Bt.
1192 3901 1216 3954 g)
1235 3902 1414 3945 indiciturBl.

292 3955 317 4009 h)
333 3960 387 3998 dccet
402 3959 453 4000 Au,
483 3956 502 4011 l)
517 3959 654 4000 Ludewlous
670 3958 713 3999 01.
730 3960 750 3998 2.
781 3957 806 4009 k)
822 3960 938 4010 Phyllea
952 3971 1124 4012 nonnumquam.
1140 3963 1177 4001 Bl
1194 3961 1288 4010 saepius.
1320 3960 1338 4012 l)
1355 3963 1416 4002 deest

293 4017 356 4057 ettam
370 4018 413 4057 01.
460 4017 492 4068 m)
507 4019 529 4058 d.
543 4015 657 4070 (Domini)
672 4018 762 4058 incarn.
777 4019 839 4058 ettam
854 4018 895 4058 A!
909 4023 928 4058 ot
943 4019 975 4060 01
989 4021 1083 4069 scaptos.
1129 4018 1154 4070 n)
1171 4019 1316 4062 Gellnhusen
1331 4020 1381 4060 Bl.
1390 4020 1415 4062 0.

293 4073 317 4127 o)
336 4085 354 4114 c.
369 4077 501 4127 principum
517 4077 558 4118 08.
619 4074 644 4127 p)
657 4076 813 4126 Welphalism
828 4077 871 4120 01.
932 4075 956 4129 q)
971 4075 1100 4127 Angarlam
1115 4089 1174 4119 moa.
1189 4089 1208 4119 a.
1223 4078 1271 4118 XV.
1287 4089 1348 4118 corr.
1364 4079 1412 4122 08.

293 4132 314 4186 r)
328 4132 450 4176 Slnzechie
467 4133 670 4186 Onslflecorr.
686 4136 727 4176 02.
787 4133 978 4187 diiambi.

295 4227 323 4294 1)
335 4226 417 4280 Immo
436 4229 540 4292 Ulmum
558 4229 698 4282 Lcltmmaa
711 4249 742 4297 p.
758 4231 803 4285 58.
840 4231 869 4298 2)
885 4230 1015 4285 Ooarado.
1053 4228 1084 4297 3)
1097 4229 1262 4283 Bulduinas.
1300 4229 1410 4310 Wie-

291 4303 401 4354 rectius.
440 4303 467 4368 o)
488 4321 513 4354 a.
535 4303 614 4367 1180,
634 4303 706 4371 Sept.
729 4305 770 4358 18.
825 4306 854 4369 6)
872 4305 956 4356 Immo
974 4303 1140 4370 staffordiae,
1158 4303 1298 4357 Lehmann
1312 4322 1344 4370 p.
1366 4305 1412 4356 58.

294 4373 323 4442 7)
347 4375 481 4428 Fridcrici
507 4377 625 4442 diploma
651 4379 679 4431 d.
702 4381 744 4430 13.
764 4376 851 4444 April.
875 4379 968 4431 datam
986 4396 1011 4430 o.
1034 4379 1192 4443 Laoomdlct,
1219 4377 1280 4431 NB.
1306 4377 1364 4431 ΠΒ.
1384 4378 1412 4441 l,

206 4493 210 4500 .
290 4466 319 4514 p.
340 4450 402 4502 131.
477 4448 507 4516 8)
526 4449 633 4504 dinzich
656 4453 694 4504 ad
711 4453 842 4505 Rhenum.
