2934 4998
307 420 360 470 254
447 421 636 483 'cnaortma
649 427 760 480 nuent
776 427 1028 481 COLONIENSIS.
1048 422 1151 480 CONT.
1162 427 1210 477 IV.
1231 427 1261 478 A.
1273 425 1354 475 1224.
1445 457 1447 512 =,

393 599 475 664 Item
510 600 581 686 ipso
618 619 703 661 anno
735 595 895 661 lohannes
930 619 990 660 rex
1021 595 1295 663 Ierosolimitanus
1332 619 1417 662 cansa

311 684 583 769 peregrinacionis
611 679 723 746 limina
751 681 861 746 Sancti
882 681 995 746 Iacobi
1023 683 1145 764 visitat,
1175 684 1227 746 cui
1260 683 1294 746 in
1323 681 1417 746 reditu

311 765 395 831 filia¹
431 768 517 852 regis
546 767 724 852 Hispanie⁸
754 765 980 851 desponsatur3
1013 766 1089 830 inde
1122 766 1283 832 divertens
1317 788 1419 830 versus

313 851 534 931 Teutoniamr,
561 853 649 915 venit
671 850 713 914 ad
735 849 924 914 Heinricum
946 873 1064 936 regem,
1092 849 1193 914 filium
1214 852 1420 936 imperatoris,

312 945 345 999 et
373 958 447 999 cum
477 935 611 1000 eodem⁰
640 933 808 999 Coloniam
834 933 1006 1019 profectus,
1039 934 1080 998 ab
1106 934 1296 1019 Engilberto
1328 934 1420 998 archi·

198 1048 253 1099 suu.
265 1020 467 1106 ruepiscopo
490 1029 522 1083 et
543 1029 610 1084 tota
631 1020 759 1082 civitate
781 1018 815 1081 in
827 1017 939 1103 vigilia
960 1020 1195 1105 assumpcionis
1216 1017 1313 1084 beate
1328 1019 1422 1082 Mario

312 1126 385 1169 cum
407 1101 523 1188 magno
545 1102 665 1167 honore
687 1115 719 1167 et
741 1102 860 1184 gaudio
882 1104 1064 1189 suscipitur.

397 1188 460 1251 Per
480 1186 565 1250 idem
587 1197 715 1273 tempus
736 1186 908 1251 Heinricus
937 1210 996 1251 rex
1024 1209 1099 1250 cum
1121 1185 1313 1271 Engilberto
1338 1184 1422 1252 Oolc

312 1272 416 1336 niensi
440 1269 682 1357 archiepiscopo
705 1282 738 1335 et
764 1268 913 1335 Ounrado
937 1271 1042 1356 legato
1065 1271 1149 1337 sedis
1177 1271 1377 1356 apostolice<¹
1396 1279 1423 1334 et

313 1354 507 1442 quibusdam
528 1355 728 1441 principibus
750 1377 809 1440 pro
830 1354 1025 1420 liberacione
1046 1355 1131 1441 regis
1153 1355 1256 1420 Dacie
1287 1364 1322 1419 et
1342 1354 1422 1419 resti·

312 1439 440 1503 tucione
462 1447 545 1503 terre
567 1441 693 1525 imperii
718 1439 759 1503 ab
782 1439 894 1505 eodem
922 1440 1039 1505 iniuste
1061 1451 1230 1526 possesse⁰
1253 1439 1424 1505 saxoniam

311 1524 451 1588 intravit.
486 1523 553 1588 Ubi
573 1546 631 1609 per
651 1523 816 1588 biennium
838 1544 858 1586 a
880 1526 996 1589 comite
1019 1525 1173 1589 Heinrico
1194 1524 1235 1588 de
1257 1521 1424 1588 Scuirinltl

311 1610 344 1681 in
366 1607 548 1672 firmissimo
571 1618 603 1672 et
623 1606 837 1673 inaccessibili
859 1619 961 1674 castro
986 1611 1116 1673 nomine
1137 1605 1423 1674 Damenbercht·=

311 1693 396 1758 idem
418 1714 476 1757 rex
498 1713 571 1756 cum
592 1690 657 1756 filio
680 1714 737 1756 suo
760 1702 873 1791 captus
895 1694 1074 1758 tenebatur.
1117 1694 1291 1759 Venientes
1321 1693 1424 1777 itaque

312 1777 354 1841 ad
375 1774 524 1840 Alviamh
553 1775 686 1840 fluvium
715 1776 852 1862 predrcti
879 1778 1051 1864 principes,
1072 1777 1309 1842 Herimannum
1332 1776 1422 1860 magi·

313 1873 411 1926 strum
434 1859 599 1945 hospitalis
621 1861 882 1942 Teutonicorum,
905 1864 961 1947 qui
983 1863 1024 1928 ab
1045 1864 1237 1947 imperatore
1258 1862 1293 1924 in
1313 1861 1423 1924 Teuto

312 1947 399 2009 niam
420 1944 537 2008 missus
569 1946 675 2008 fuerat
702 1966 800 2009 causa
830 1944 1105 2010 reconciliacionis
1133 1955 1165 2009 et
1192 1944 1422 2031 conposicionis

312 2028 458 2093 faciende
468 2029 486 2109 ³,
509 2028 550 2092 ad
572 2039 734 2114 utrosque,
751 2026 873 2094 scilicet
885 2051 994 2116 regem
1010 2039 1041 2093 et
1056 2030 1214 2111 comitem,
1229 2031 1422 2115 premittunt

314 2115 386 2194 Quo
413 2112 582 2193 mediante,
619 2112 661 2176 ad
692 2113 754 2176 hoc
782 2113 933 2177 inductus
967 2123 1015 2178 est
1043 2114 1128 2178 idem
1156 2135 1225 2194 rex,
1262 2122 1299 2176 ut
1330 2122 1422 2178 totam

313 2209 429 2262 terram
452 2217 548 2282 quam
570 2198 704 2296 imperio
719 2196 893 2262 abstulerat
907 2197 1041 2263 reddere
1056 2206 1089 2263 et
1102 2219 1253 2262 coronam
1276 2197 1319 2261 de
1333 2217 1423 2260 manu

312 2283 513 2367 imperatoris
542 2303 627 2345 susci
653 2304 714 2362 ere,
742 2283 874 2366 insuper
900 2293 1028 2347 centum
1056 2281 1146 2345 milia
1166 2302 1351 2345 marcarum
1371 2299 1424 2366 pro

313 2364 517 2430 absolucione
539 2386 597 2429 sua
625 2303 701 2429 dare
721 2368 922 2451 promitteret
930 2377 953 2430 ³.
997 2367 1092 2446 Quod
1121 2388 1195 2431 cum
1224 2373 1422 2452 acceptarent

335 2450 476 2596 rincipes
498 2451 554 2536 qui
583 2471 655 2513 cum
681 2472 757 2535 rege
789 2461 953 2549 presentes
985 2451 1126 2533 aderant,
1147 2448 1299 2514 Albertus
1323 2469 1423 2514 comes

313 2472 354 2598 de
373 2511 421 2599 br
433 2534 580 2616 emunde,
602 2533 687 2598 filius
702 2535 842 2598 sorons¹1
857 2536 959 2619 ipsius
972 2535 1068 2619 regis,
1084 2545 1117 2599 et
1132 2533 1282 2599 barones¹
1299 2535 1421 2598 Daeiem

313 2617 397 2681 hanc
419 2618 687 2703 composicionem
710 2618 916 2704 reprobantes
943 2629 975 2684 et
1001 2642 1039 2684 ea
1069 2642 1131 2706 que
1158 2620 1320 2704 promissa
1342 2625 1423 2682 erant

314 2714 494 2784 cassantes,
532 2706 674 2767 ascensis
702 2703 839 2768 navibus
870 2725 942 2767 cum
964 2704 1188 2788 indignacione
1218 2711 1420 2780 recessenmt,

314 2785 468 2850 infinitam
491 2789 671 2871 pecuniam,
685 2810 791 2936 ¹puam
812 2788 855 2851 ad
875 2787 1097 2852 redimendum
1117 2809 1226 2873 regem
1247 2787 1423 2865 attulerant,

314 2891 425 2934 secum
455 2869 639 2936 deferentes.
715 2873 777 2936 nde
804 2872 940 2956 predicti
967 2873 1129 2959 principes
1153 2871 1271 2936 infecto
1293 2870 1422 2957 negocio

315 2953 439 3018 confirsi
469 2953 693 3020 discesserunt.
747 2955 901 3020 Albertus
923 2959 932 3020 i
959 2958 1022 3021 ‘tur
1048 2956 1089 3021 de
1116 2934 1337 3021 [lrlemunde¹1
1358 2958 1423 3040 post

313 3037 417 3103 natale
429 3038 560 3103 Domini
576 3050 769 3125 congregato
781 3041 925 3106 exercitu
966 3041 1121 3105 einricum
1132 3041 1280 3104 comitem
1294 3035 1423 3125 aggredi

315 3125 435 3188 statuit.
458 3123 553 3204 Quod
568 3133 603 3188 ut
620 3125 770 3208 cognovit
785 3124 958 3190 Heinricus
973 3146 1080 3190 comes
1094 3126 1129 3188 in
1144 3124 1310 3189 obsidione
1327 3123 1421 3187 cuius·

314 3206 392 3270 dam
407 3209 502 3271 castri
516 3209 649 3293 positus,
664 3208 775 3272 relicta
790 3209 967 3290 obsidione,
982 3208 1027 3273 illi
1048 3210 1197 3274 occurrit.
1234 3207 1301 3273 Ubi
1317 3225 1419 3294 pugna

315 3294 482 3373 conmissa,
500 3314 573 3355 curn
587 3314 705 3392 magna
724 3294 926 3358 animositate
941 3304 973 3358 et
986 3293 1159 3358 multorum
1173 3293 1340 3378 sanguinis
1355 3290 1421 3356 effu-

314 3376 403 3440 sione
424 3374 466 3439 ab
488 3375 567 3440 hora
588 3377 652 3441 dier
694 3377 776 3441 rima
791 3400 893 3464 usque
908 3377 950 3441 ad
965 3398 1131 3464 vesperam
1147 3376 1336 3441 dimicatum
1351 3381 1422 3452 est⁴,

314 3458 422 3524 multis
444 3460 489 3524 ibi
511 3399 741 3541 corruentibus.
784 3462 858 3546 Ipse
880 3463 1001 3526 eciam⁰
1024 3461 1176 3526 Albertns
1197 3461 1259 3525 abr
1275 3460 1421 3524 Heinrico

315 3565 388 3607 cnm
409 3542 553 3629 pluribus
574 3545 735 3611 nobilibus
758 3557 869 3631 eaptus
892 3557 923 3611 et
944 3547 977 3609 in
999 3555 1139 3610 castrum
1158 3544 1367 3610 Danninberr
1387 3539 1421 3606 ad

315 3625 508 3692 avunculum
532 3651 624 3692 suum
646 3630 830 3714 perductus,
851 3629 971 3695 ibidem
994 3628 1136 3695 custodie
1157 3630 1369 3715 mancipatur.

314 3838 338 3890 ι)
354 3841 473 3889 Yspannte
489 3839 531 3880 01.
595 3838 861 3891 b)'1'euthonicam01.
930 3839 951 3892 c)
968 3851 995 3881 eo
1011 3842 1054 3882 01.
1065 3843 1085 3881 2.
1146 3838 1170 3891 d)
1187 3840 1287 3890 apostoli
1302 3851 1359 3879 corr.
1375 3846 1422 3887 apo·

315 3899 451 3940 stoliceBl.
526 3897 548 3950 e)
564 3909 671 3949 possessa
685 3901 746 3940 codd.
827 3900 971 3954 oScur-ineh
987 3912 1043 3942 corr.
1061 3899 1160 3940 Scurinh
1177 3900 1226 3948 023
1250 3898 1368 3940 Scirrinch
1383 3896 1419 3936 cl.

315 3957 338 4007 g)
354 3958 527 3999 Daunenbrech
549 3960 624 4002 om.
698 3959 722 4011 h)
734 3960 827 4000 Albium
849 3962 891 4002 01.
904 3962 926 4002 2.
1005 3957 1148 4062 isstactenda
1170 3957 1265 4000 B1.01.
1341 3955 1421 4007 knut

314 4017 386 4067 suppl.
401 4018 448 4058 131.
479 4019 497 4069 1)
514 4018 613 4059 borona·
630 4018 702 4059 (11.2.
733 4018 765 4070 ιιι)
781 4020 871 4059 Dachle
888 4021 932 4060 02.
971 4016 996 4070 n)
1033 4019 1159 4058 rnemundc
1176 4019 1217 4060 01.
1248 4013 1420 4070 ammaont-

315 4075 340 4127 p)
357 4087 409 4117 cnm
426 4078 468 4118 01.
530 4075 554 4128 q)
571 4078 713 4118 Dannubsrh
730 4079 780 4128 013
797 4079 949 4126 Danninberg
965 4078 1010 4121 Οἳ.

317 4243 344 4311 l)
364 4245 541 4313 Bercnyurin,
558 4245 621 4312 filia
639 4245 756 4312 Alfonsa‘.
821 4245 850 4315 2)
869 4246 956 4296 Hand
974 4247 1071 4312 procul
1090 4265 1106 4296 o
1124 4246 1269 4312 Lt'incbnry
1288 4247 1326 4296 cd
1344 4243 1417 4296 orien-

314 4319 471 4442 ἰαηιὲἰέιῦιπι.
544 4321 573 4386 3)
587 4319 697 4373 Pactam
715 4321 768 4370 iam
789 4321 815 4371 4.
828 4320 872 4372 dic
884 4319 951 4370 Iulis·
963 4318 1059 4370 initum
1071 4326 1137 4372 erat.
1210 4318 1241 4386 4)
1255 4335 1341 4386 prope
1354 4317 1419 4369 Milo
