<?xml version="1.0" encoding="UTF-8"?>
<!DOCTYPE html PUBLIC "-//W3C//DTD XHTML 1.0 Transitional//EN"
    "http://www.w3.org/TR/xhtml1/DTD/xhtml1-transitional.dtd">
<html xmlns="http://www.w3.org/1999/xhtml" xml:lang="en" lang="en">
 <head>
  <title>
</title>
<meta http-equiv="Content-Type" content="text/html;charset=utf-8" />
  <meta name='ocr-system' content='tesseract 3.04.00' />
  <meta name='ocr-capabilities' content='ocr_page ocr_carea ocr_par ocr_line ocrx_word'/>
</head>
<body>
  <div class='ocr_page' id='page_1' title='image "./chronicaregiaco01waitgoog_0027.png"; bbox 0 0 2942 4998; ppageno 0'>
   <div class='ocr_carea' id='block_1_1' title="bbox 311 388 1177 444">
    <p class='ocr_par' dir='ltr' id='par_1_1' title="bbox 311 388 1177 444">
     <span class='ocr_line' id='line_1_1' title="bbox 311 388 1177 444; baseline 0.003 -3"><span class='ocrx_word' id='word_1_1' title='bbox 311 388 501 443; x_wconf 68' lang='lat' dir='ltr'><strong><em>cnssomcs</em></strong></span> <span class='ocrx_word' id='word_1_2' title='bbox 520 389 633 444; x_wconf 73' lang='lat' dir='ltr'><strong><em>REGIA</em></strong></span> <span class='ocrx_word' id='word_1_3' title='bbox 652 389 905 444; x_wconf 77' lang='lat' dir='ltr'><strong><em>COLONIENSIS.</em></strong></span> <span class='ocrx_word' id='word_1_4' title='bbox 1110 391 1177 444; x_wconf 83' lang='lat' dir='ltr'><strong><em>XXI</em></strong></span> 
     </span>
    </p>
   </div>
   <div class='ocr_carea' id='block_1_2' title="bbox 46 557 1176 3678">
    <p class='ocr_par' dir='ltr' id='par_1_2' title="bbox 46 557 1176 3678">
     <span class='ocr_line' id='line_1_2' title="bbox 52 557 1176 644; baseline 0.002 -22"><span class='ocrx_word' id='word_1_5' title='bbox 52 558 224 642; x_wconf 86' lang='lat' dir='ltr'><strong><em>Lipsiensi</em></strong></span> <span class='ocrx_word' id='word_1_6' title='bbox 244 579 284 622; x_wconf 89' lang='lat' dir='ltr'><strong><em>sa</em></strong></span> <span class='ocrx_word' id='word_1_7' title='bbox 309 580 352 620; x_wconf 89' lang='lat' dir='ltr'><strong><em>ra</em></strong></span> <span class='ocrx_word' id='word_1_8' title='bbox 380 566 564 639; x_wconf 84' lang='lat' dir='ltr'><strong><em>memorato,</em></strong></span> <span class='ocrx_word' id='word_1_9' title='bbox 597 559 636 624; x_wconf 86' lang='lat' dir='ltr'><strong><em>de</em></strong></span> <span class='ocrx_word' id='word_1_10' title='bbox 665 559 762 624; x_wconf 88' lang='lat' dir='ltr'><strong><em>cuius</em></strong></span> <span class='ocrx_word' id='word_1_11' title='bbox 789 561 919 644; x_wconf 78' lang='lat' dir='ltr'><strong><em>oripine</em></strong></span> <span class='ocrx_word' id='word_1_12' title='bbox 941 557 1029 624; x_wconf 77' lang='lat' dir='ltr'><strong><em>nibil</em></strong></span> <span class='ocrx_word' id='word_1_13' title='bbox 1050 568 1176 624; x_wconf 85' lang='lat' dir='ltr'><strong><em>constat</em></strong></span> 
     </span>
     <span class='ocr_line' id='line_1_3' title="bbox 53 579 1174 730; baseline 0.002 -24"><span class='ocrx_word' id='word_1_14' title='bbox 53 643 150 726; x_wconf 87' lang='lat' dir='ltr'><strong><em>(edit.</em></strong></span> <span class='ocrx_word' id='word_1_15' title='bbox 170 579 313 722; x_wconf 69' lang='lat' dir='ltr'><strong><em>deind,</em></strong></span> <span class='ocrx_word' id='word_1_16' title='bbox 338 639 435 728; x_wconf 83' lang='lat' dir='ltr'><strong><em>Corp.</em></strong></span> <span class='ocrx_word' id='word_1_17' title='bbox 457 640 485 722; x_wconf 87' lang='lat' dir='ltr'><strong><em>I,</em></strong></span> <span class='ocrx_word' id='word_1_18' title='bbox 502 663 540 726; x_wconf 93' lang='lat' dir='ltr'><strong><em>p.</em></strong></span> <span class='ocrx_word' id='word_1_19' title='bbox 559 641 623 707; x_wconf 88' lang='grc'><strong><em>946</em></strong></span> <span class='ocrx_word' id='word_1_20' title='bbox 644 664 711 728; x_wconf 80' lang='lat' dir='ltr'><strong><em>sqq.</em></strong></span> <span class='ocrx_word' id='word_1_21' title='bbox 713 646 741 724; x_wconf 90' lang='lat'><strong><em>).</em></strong></span> <span class='ocrx_word' id='word_1_22' title='bbox 787 641 854 717; x_wconf 80' lang='lat' dir='ltr'><strong><em>Qui</em></strong></span> <span class='ocrx_word' id='word_1_23' title='bbox 874 641 1042 730; x_wconf 76' lang='lat' dir='ltr'><strong><em>catalopos</em></strong></span> <span class='ocrx_word' id='word_1_24' title='bbox 1065 644 1174 708; x_wconf 84' lang='lat' dir='ltr'><strong><em>arabi-</em></strong></span> 
     </span>
     <span class='ocr_line' id='line_1_4' title="bbox 52 724 1172 878; baseline 0 -1"><span class='ocrx_word' id='word_1_25' title='bbox 52 724 553 877; x_wconf 66' lang='lat' dir='ltr'><strong><em>urinantium</em></strong></span> <span class='ocrx_word' id='word_1_26' title='bbox 576 725 1172 878; x_wconf 66' lang='lat' dir='ltr'><strong><em>interstratis·</em></strong></span> 
     </span>
     <span class='ocr_line' id='line_1_5' title="bbox 52 832 1175 981; baseline 0.002 -22"><span class='ocrx_word' id='word_1_27' title='bbox 52 917 121 960; x_wconf 90' lang='lat' dir='ltr'><strong><em>rem</em></strong></span> <span class='ocrx_word' id='word_1_28' title='bbox 157 916 198 960; x_wconf 81' lang='lat' dir='ltr'><strong><em>en</em></strong></span> <span class='ocrx_word' id='word_1_29' title='bbox 233 857 298 958; x_wconf 76' lang='lat' dir='ltr'><strong><em>itti</em></strong></span> <span class='ocrx_word' id='word_1_30' title='bbox 321 832 475 978; x_wconf 68' lang='lat' dir='ltr'><strong><em>fructdm</em></strong></span> <span class='ocrx_word' id='word_1_31' title='bbox 511 894 576 959; x_wconf 89' lang='lat' dir='ltr'><strong><em>sibi</em></strong></span> <span class='ocrx_word' id='word_1_32' title='bbox 607 898 749 981; x_wconf 85' lang='lat' dir='ltr'><strong><em>paravit</em></strong></span> <span class='ocrx_word' id='word_1_33' title='bbox 783 895 948 962; x_wconf 83' lang='lat' dir='ltr'><strong><em>Obronica</em></strong></span> <span class='ocrx_word' id='word_1_34' title='bbox 979 895 1175 981; x_wconf 80' lang='lat' dir='ltr'><strong><em>praesulum</em></strong></span> 
     </span>
     <span class='ocr_line' id='line_1_6' title="bbox 54 977 1175 1064; baseline 0.001 -19"><span class='ocrx_word' id='word_1_35' title='bbox 54 977 299 1045; x_wconf 71' lang='lat' dir='ltr'><strong><em>Gabinicmium</em></strong></span> <span class='ocrx_word' id='word_1_36' title='bbox 327 1000 411 1043; x_wconf 88' lang='lat' dir='ltr'><strong><em>socc.</em></strong></span> <span class='ocrx_word' id='word_1_37' title='bbox 433 977 524 1042; x_wconf 89' lang='lat' dir='ltr'><strong><em>XIV.</em></strong></span> <span class='ocrx_word' id='word_1_38' title='bbox 550 988 685 1044; x_wconf 74' lang='lat' dir='ltr'><strong><em>coeunte</em></strong></span> <span class='ocrx_word' id='word_1_39' title='bbox 712 981 929 1064; x_wconf 81' lang='lat' dir='ltr'><strong><em>composita¹,·</em></strong></span> <span class='ocrx_word' id='word_1_40' title='bbox 957 989 1073 1045; x_wconf 78' lang='lat' dir='ltr'><strong><em>aucmr</em></strong></span> <span class='ocrx_word' id='word_1_41' title='bbox 1099 1003 1175 1046; x_wconf 88' lang='lat' dir='ltr'><strong><em>uero</em></strong></span> 
     </span>
     <span class='ocr_line' id='line_1_7' title="bbox 52 1063 1174 1150; baseline 0 -21"><span class='ocrx_word' id='word_1_42' title='bbox 52 1064 202 1129; x_wconf 85' lang='lat' dir='ltr'><strong><em>cbronici</em></strong></span> <span class='ocrx_word' id='word_1_43' title='bbox 229 1064 412 1150; x_wconf 62' lang='lat' dir='ltr'><strong><em>germanici</em></strong></span> <span class='ocrx_word' id='word_1_44' title='bbox 439 1085 523 1128; x_wconf 87' lang='lat' dir='ltr'><strong><em>saec.</em></strong></span> <span class='ocrx_word' id='word_1_45' title='bbox 544 1064 580 1127; x_wconf 94' lang='lat' dir='ltr'><strong><em>X</em></strong></span> <span class='ocrx_word' id='word_1_46' title='bbox 583 1063 614 1129; x_wconf 88' lang='lat' dir='ltr'><strong><em>V.</em></strong></span> <span class='ocrx_word' id='word_1_47' title='bbox 638 1085 688 1128; x_wconf 83' lang='lat' dir='ltr'><strong><em>en.</em></strong></span> <span class='ocrx_word' id='word_1_48' title='bbox 715 1065 887 1148; x_wconf 88' lang='lat' dir='ltr'><strong><em>compositi</em></strong></span> <span class='ocrx_word' id='word_1_49' title='bbox 914 1073 950 1126; x_wconf 90' lang='lat' dir='ltr'><strong><em>nt</em></strong></span> <span class='ocrx_word' id='word_1_50' title='bbox 973 1063 1068 1148; x_wconf 88' lang='lat' dir='ltr'><strong><em>prdo</em></strong></span> <span class='ocrx_word' id='word_1_51' title='bbox 1101 1065 1174 1129; x_wconf 89' lang='lat' dir='ltr'><strong><em>sub·</em></strong></span> 
     </span>
     <span class='ocr_line' id='line_1_8' title="bbox 52 1146 1176 1235; baseline 0.001 -22"><span class='ocrx_word' id='word_1_52' title='bbox 52 1149 209 1214; x_wconf 84' lang='lat' dir='ltr'><strong><em>iiceretur</em></strong></span> <span class='ocrx_word' id='word_1_53' title='bbox 235 1146 398 1230; x_wconf 82' lang='lat' dir='ltr'><strong><em>(Croniae</em></strong></span> <span class='ocrx_word' id='word_1_54' title='bbox 425 1169 492 1212; x_wconf 88' lang='lat' dir='ltr'><strong><em>van</em></strong></span> <span class='ocrx_word' id='word_1_55' title='bbox 523 1147 583 1212; x_wconf 92' lang='lat' dir='ltr'><strong><em>der</em></strong></span> <span class='ocrx_word' id='word_1_56' title='bbox 612 1147 744 1235; x_wconf 74' lang='lat' dir='ltr'><strong><em>billiper</em></strong></span> <span class='ocrx_word' id='word_1_57' title='bbox 768 1157 834 1212; x_wconf 87' lang='lat' dir='ltr'><strong><em>stat</em></strong></span> <span class='ocrx_word' id='word_1_58' title='bbox 860 1169 927 1212; x_wconf 86' lang='lat' dir='ltr'><strong><em>van</em></strong></span> <span class='ocrx_word' id='word_1_59' title='bbox 952 1147 1077 1215; x_wconf 79' lang='lat' dir='ltr'><strong><em>Coeden</em></strong></span> <span class='ocrx_word' id='word_1_60' title='bbox 1078 1152 1095 1230; x_wconf 89' lang='lat'><em>)</em></span> <span class='ocrx_word' id='word_1_61' title='bbox 1118 1151 1176 1214; x_wconf 80' lang='lat' dir='ltr'><strong><em>uin</em></strong></span> 
     </span>
     <span class='ocr_line' id='line_1_9' title="bbox 51 1231 1175 1380; baseline 0.002 -84"><span class='ocrx_word' id='word_1_62' title='bbox 51 1233 101 1297; x_wconf 87' lang='lat' dir='ltr'><strong><em>od</em></strong></span> <span class='ocrx_word' id='word_1_63' title='bbox 130 1232 217 1380; x_wconf 52' lang='lat' dir='ltr'><strong><em>bidens</em></strong></span> <span class='ocrx_word' id='word_1_64' title='bbox 246 1231 374 1296; x_wconf 90' lang='lat' dir='ltr'><strong><em>uberem</em></strong></span> <span class='ocrx_word' id='word_1_65' title='bbox 400 1241 429 1296; x_wconf 94' lang='lat' dir='ltr'><strong><em>et</em></strong></span> <span class='ocrx_word' id='word_1_66' title='bbox 455 1234 618 1297; x_wconf 88' lang='lat' dir='ltr'><strong><em>sincerum</em></strong></span> <span class='ocrx_word' id='word_1_67' title='bbox 645 1255 756 1298; x_wconf 90' lang='lat' dir='ltr'><strong><em>rerum</em></strong></span> <span class='ocrx_word' id='word_1_68' title='bbox 786 1231 1027 1299; x_wconf 79' lang='lat' dir='ltr'><strong><em>Coloniensium</em></strong></span> <span class='ocrx_word' id='word_1_69' title='bbox 1044 1231 1175 1317; x_wconf 84' lang='lat' dir='ltr'><strong><em>fontem</em></strong></span> 
     </span>
     <span class='ocr_line' id='line_1_10' title="bbox 51 1317 233 1382; baseline -0.011 0"><span class='ocrx_word' id='word_1_70' title='bbox 51 1338 152 1382; x_wconf 86' lang='lat' dir='ltr'><strong><em>ascen</em></strong></span> <span class='ocrx_word' id='word_1_71' title='bbox 178 1317 233 1380; x_wconf 84' lang='lat' dir='ltr'><strong><em>it².</em></strong></span> 
     </span>
     <span class='ocr_line' id='line_1_11' title="bbox 51 1399 1174 1487; baseline 0.002 -23"><span class='ocrx_word' id='word_1_72' title='bbox 51 1455 55 1464; x_wconf 89' lang='lat'><strong><em>.</em></strong></span> <span class='ocrx_word' id='word_1_73' title='bbox 137 1399 211 1464; x_wconf 88' lang='lat' dir='ltr'><strong><em>Diu</em></strong></span> <span class='ocrx_word' id='word_1_74' title='bbox 232 1421 314 1464; x_wconf 89' lang='lat' dir='ltr'><strong><em>sane</em></strong></span> <span class='ocrx_word' id='word_1_75' title='bbox 334 1399 442 1480; x_wconf 86' lang='lat' dir='ltr'><strong><em>latuit,</em></strong></span> <span class='ocrx_word' id='word_1_76' title='bbox 471 1407 500 1464; x_wconf 86' lang='lat' dir='ltr'><strong><em>et</em></strong></span> <span class='ocrx_word' id='word_1_77' title='bbox 527 1401 646 1464; x_wconf 84' lang='lat' dir='ltr'><strong><em>sensim</em></strong></span> <span class='ocrx_word' id='word_1_78' title='bbox 673 1402 855 1487; x_wconf 72' lang='lat' dir='ltr'><strong><em>sensimque</em></strong></span> <span class='ocrx_word' id='word_1_79' title='bbox 881 1401 1033 1487; x_wconf 76' lang='lat' dir='ltr'><strong><em>sinpubae</em></strong></span> <span class='ocrx_word' id='word_1_80' title='bbox 1058 1411 1174 1486; x_wconf 85' lang='lat' dir='ltr'><strong><em>partes</em></strong></span> 
     </span>
     <span class='ocr_line' id='line_1_12' title="bbox 51 1483 1174 1571; baseline 0 -21"><span class='ocrx_word' id='word_1_81' title='bbox 51 1507 68 1550; x_wconf 84' lang='lat' dir='ltr'><strong><em>e</em></strong></span> <span class='ocrx_word' id='word_1_82' title='bbox 95 1483 236 1549; x_wconf 85' lang='lat' dir='ltr'><strong><em>tenebris</em></strong></span> <span class='ocrx_word' id='word_1_83' title='bbox 267 1494 380 1549; x_wconf 87' lang='lat' dir='ltr'><strong><em>erutae</em></strong></span> <span class='ocrx_word' id='word_1_84' title='bbox 408 1493 494 1551; x_wconf 87' lang='lat' dir='ltr'><strong><em>sunt.</em></strong></span> <span class='ocrx_word' id='word_1_85' title='bbox 545 1484 678 1549; x_wconf 75' lang='lat' dir='ltr'><strong><em>Ibimus</em></strong></span> <span class='ocrx_word' id='word_1_86' title='bbox 707 1485 869 1550; x_wconf 73' lang='lat' dir='ltr'><strong><em>Froberus</em></strong></span> <span class='ocrx_word' id='word_1_87' title='bbox 897 1487 1174 1571; x_wconf 70' lang='lat' dir='ltr'><strong><em>pretiosissimam</em></strong></span> 
     </span>
     <span class='ocr_line' id='line_1_13' title="bbox 78 1567 1175 1670; baseline 0.001 -38"><span class='ocrx_word' id='word_1_88' title='bbox 78 1577 182 1634; x_wconf 89' lang='lat' dir='ltr'><strong><em>ortem</em></strong></span> <span class='ocrx_word' id='word_1_89' title='bbox 205 1572 251 1654; x_wconf 89' lang='lat' dir='ltr'><strong><em>(a.</em></strong></span> <span class='ocrx_word' id='word_1_90' title='bbox 269 1567 479 1633; x_wconf 79' lang='lat'>1162-1237</span> <span class='ocrx_word' id='word_1_91' title='bbox 480 1571 497 1650; x_wconf 90' lang='lat'><em>)</em></span> <span class='ocrx_word' id='word_1_92' title='bbox 514 1591 554 1632; x_wconf 81' lang='lat' dir='ltr'><strong><em>ee</em></strong></span> <span class='ocrx_word' id='word_1_93' title='bbox 569 1568 678 1633; x_wconf 91' lang='lat' dir='ltr'><strong><em>codice</em></strong></span> <span class='ocrx_word' id='word_1_94' title='bbox 693 1568 863 1670; x_wconf 79' lang='lat' dir='ltr'><strong><em>lipsiensi</em></strong></span> <span class='ocrx_word' id='word_1_95' title='bbox 872 1577 894 1650; x_wconf 80' lang='lat'><strong><em>³,</em></strong></span> <span class='ocrx_word' id='word_1_96' title='bbox 917 1579 994 1634; x_wconf 89' lang='lat' dir='ltr'><strong><em>tunc</em></strong></span> <span class='ocrx_word' id='word_1_97' title='bbox 1010 1568 1065 1635; x_wconf 78' lang='lat' dir='ltr'><strong><em>Sto</em></strong></span> <span class='ocrx_word' id='word_1_98' title='bbox 1091 1570 1175 1634; x_wconf 88' lang='lat' dir='ltr'><strong><em>bani</em></strong></span> 
     </span>
     <span class='ocr_line' id='line_1_14' title="bbox 46 1592 1173 1738; baseline -0.001 -21"><span class='ocrx_word' id='word_1_99' title='bbox 46 1592 273 1717; x_wconf 56' lang='lat' dir='ltr'><strong><em>biroelmanni</em></strong></span> <span class='ocrx_word' id='word_1_100' title='bbox 294 1653 321 1714; x_wconf 87' lang='lat' dir='ltr'><strong><em>I.</em></strong></span> <span class='ocrx_word' id='word_1_101' title='bbox 345 1650 378 1717; x_wconf 81' lang='lat' dir='ltr'><strong><em>O.</em></strong></span> <span class='ocrx_word' id='word_1_102' title='bbox 402 1651 614 1735; x_wconf 77' lang='lat' dir='ltr'><strong><em>Coloniensis,</em></strong></span> <span class='ocrx_word' id='word_1_103' title='bbox 640 1652 768 1738; x_wconf 76' lang='lat' dir='ltr'><strong><em>publeci</em></strong></span> <span class='ocrx_word' id='word_1_104' title='bbox 794 1656 880 1718; x_wconf 89' lang='lat' dir='ltr'><strong><em>iuris</em></strong></span> <span class='ocrx_word' id='word_1_105' title='bbox 892 1653 980 1737; x_wconf 87' lang='lat' dir='ltr'><strong><em>fecit</em></strong></span> <span class='ocrx_word' id='word_1_106' title='bbox 1007 1593 1087 1737; x_wconf 58' lang='lat' dir='ltr'><strong><em>(sd</em></strong></span> <span class='ocrx_word' id='word_1_107' title='bbox 1109 1677 1173 1718; x_wconf 90' lang='lat' dir='ltr'><strong><em>rer.</em></strong></span> 
     </span>
     <span class='ocr_line' id='line_1_15' title="bbox 53 1735 1175 1823; baseline 0.003 -22"><span class='ocrx_word' id='word_1_108' title='bbox 53 1735 204 1818; x_wconf 75' lang='lat' dir='ltr'><strong><em>Germl,</em></strong></span> <span class='ocrx_word' id='word_1_109' title='bbox 220 1759 258 1822; x_wconf 90' lang='lat' dir='ltr'><strong><em>p.</em></strong></span> <span class='ocrx_word' id='word_1_110' title='bbox 280 1735 363 1819; x_wconf 81' lang='lat'><em>239;</em></span> <span class='ocrx_word' id='word_1_111' title='bbox 390 1737 440 1801; x_wconf 89' lang='lat' dir='ltr'><strong><em>cd.</em></strong></span> <span class='ocrx_word' id='word_1_112' title='bbox 462 1737 493 1802; x_wconf 84' lang='lat'><strong><em>3.</em></strong></span> <span class='ocrx_word' id='word_1_113' title='bbox 515 1760 585 1802; x_wconf 90' lang='lat' dir='ltr'><strong><em>cur.</em></strong></span> <span class='ocrx_word' id='word_1_114' title='bbox 603 1737 739 1802; x_wconf 82' lang='lat' dir='ltr'><strong><em>Struoio</em></strong></span> <span class='ocrx_word' id='word_1_115' title='bbox 755 1760 794 1823; x_wconf 90' lang='lat' dir='ltr'><strong><em>p.</em></strong></span> <span class='ocrx_word' id='word_1_116' title='bbox 817 1738 897 1819; x_wconf 83' lang='lat'><em>335)</em></span> <span class='ocrx_word' id='word_1_117' title='bbox 903 1761 916 1820; x_wconf 87' lang='lat'><strong><em>,·</em></strong></span> <span class='ocrx_word' id='word_1_118' title='bbox 940 1760 1047 1802; x_wconf 89' lang='lat' dir='ltr'><strong><em>annos</em></strong></span> <span class='ocrx_word' id='word_1_119' title='bbox 1068 1736 1175 1804; x_wconf 85' lang='lat'>964-</span> 
     </span>
     <span class='ocr_line' id='line_1_16' title="bbox 53 1820 1176 1908; baseline 0.002 -24"><span class='ocrx_word' id='word_1_120' title='bbox 53 1821 148 1886; x_wconf 81' lang='grc'><strong>1162.</strong></span> <span class='ocrx_word' id='word_1_121' title='bbox 167 1843 209 1886; x_wconf 80' lang='lat' dir='ltr'><strong><em>en·</em></strong></span> <span class='ocrx_word' id='word_1_122' title='bbox 224 1843 352 1907; x_wconf 77' lang='lat' dir='ltr'><strong><em>apopro</em></strong></span> <span class='ocrx_word' id='word_1_123' title='bbox 380 1820 420 1885; x_wconf 87' lang='lat' dir='ltr'><strong><em>bo</em></strong></span> <span class='ocrx_word' id='word_1_124' title='bbox 440 1822 563 1887; x_wconf 90' lang='lat' dir='ltr'><strong><em>codicis</em></strong></span> <span class='ocrx_word' id='word_1_125' title='bbox 576 1821 723 1886; x_wconf 85' lang='lat' dir='ltr'><strong><em>Romani</em></strong></span> <span class='ocrx_word' id='word_1_126' title='bbox 731 1829 754 1902; x_wconf 79' lang='lat'><strong><em>⁴,</em></strong></span> <span class='ocrx_word' id='word_1_127' title='bbox 778 1822 865 1908; x_wconf 80' lang='lat' dir='ltr'><strong><em>quod</em></strong></span> <span class='ocrx_word' id='word_1_128' title='bbox 886 1823 973 1887; x_wconf 86' lang='lat' dir='ltr'><strong><em>inter</em></strong></span> <span class='ocrx_word' id='word_1_129' title='bbox 987 1820 1176 1887; x_wconf 78' lang='lat' dir='ltr'><strong><em>Sebannati</em></strong></span> 
     </span>
     <span class='ocr_line' id='line_1_17' title="bbox 52 1905 1173 1992; baseline 0 -24"><span class='ocrx_word' id='word_1_130' title='bbox 52 1905 191 1970; x_wconf 75' lang='lat' dir='ltr'><strong><em>schedas</em></strong></span> <span class='ocrx_word' id='word_1_131' title='bbox 205 1907 338 1989; x_wconf 85' lang='lat' dir='ltr'><strong><em>reperit,</em></strong></span> <span class='ocrx_word' id='word_1_132' title='bbox 388 1906 548 1970; x_wconf 79' lang='lat' dir='ltr'><strong><em>ilrdtwein</em></strong></span> <span class='ocrx_word' id='word_1_133' title='bbox 571 1906 687 1988; x_wconf 88' lang='lat' dir='ltr'><strong><em>(Nova</em></strong></span> <span class='ocrx_word' id='word_1_134' title='bbox 702 1905 788 1970; x_wconf 89' lang='lat' dir='ltr'><strong><em>subs.</em></strong></span> <span class='ocrx_word' id='word_1_135' title='bbox 800 1905 882 1992; x_wconf 76' lang='lat' dir='ltr'><strong><em>dipl.</em></strong></span> <span class='ocrx_word' id='word_1_136' title='bbox 894 1905 987 1982; x_wconf 90' lang='lat' dir='ltr'><strong><em>XIII,</em></strong></span> <span class='ocrx_word' id='word_1_137' title='bbox 998 1928 1036 1991; x_wconf 91' lang='lat' dir='ltr'><strong><em>p.</em></strong></span> <span class='ocrx_word' id='word_1_138' title='bbox 1054 1908 1070 1970; x_wconf 89' lang='lat'>1</span> <span class='ocrx_word' id='word_1_139' title='bbox 1087 1928 1103 1968; x_wconf 92' lang='lat' dir='ltr'><strong><em>s</em></strong></span> <span class='ocrx_word' id='word_1_140' title='bbox 1126 1911 1173 1992; x_wconf 82' lang='lat' dir='ltr'><strong><em>q.)</em></strong></span> 
     </span>
     <span class='ocr_line' id='line_1_18' title="bbox 51 1929 1175 2140; baseline 0.001 -3"><span class='ocrx_word' id='word_1_141' title='bbox 51 1929 1175 2140; x_wconf 61' lang='lat' dir='ltr'><strong><em>{aartn⁷·.titzrnmmmrrstirmis</em></strong></span> 
     </span>
     <span class='ocr_line' id='line_1_19' title="bbox 51 2095 1175 2244; baseline 0 -22"><span class='ocrx_word' id='word_1_142' title='bbox 51 2158 205 2244; x_wconf 76' lang='lat' dir='ltr'><strong><em>subponit</em></strong></span> <span class='ocrx_word' id='word_1_143' title='bbox 226 2096 343 2243; x_wconf 52' lang='lat' dir='ltr'><strong><em>(Oodp.</em></strong></span> <span class='ocrx_word' id='word_1_144' title='bbox 367 2097 499 2240; x_wconf 68' lang='lat' dir='ltr'><strong><em>bisth,</em></strong></span> <span class='ocrx_word' id='word_1_145' title='bbox 523 2181 560 2243; x_wconf 81' lang='lat' dir='ltr'><strong><em>p.</em></strong></span> <span class='ocrx_word' id='word_1_146' title='bbox 582 2095 645 2223; x_wconf 70' lang='lat' dir='ltr'><strong><em>db3</em></strong></span> <span class='ocrx_word' id='word_1_147' title='bbox 672 2162 769 2244; x_wconf 63' lang='lat' dir='ltr'><strong><em>squ),</em></strong></span> <span class='ocrx_word' id='word_1_148' title='bbox 801 2120 993 2244; x_wconf 81' lang='lat' dir='ltr'><strong><em>separatam</em></strong></span> <span class='ocrx_word' id='word_1_149' title='bbox 1024 2168 1053 2222; x_wconf 93' lang='lat' dir='ltr'><strong><em>et</em></strong></span> <span class='ocrx_word' id='word_1_150' title='bbox 1080 2159 1175 2224; x_wconf 89' lang='lat' dir='ltr'><strong><em>rebus</em></strong></span> 
     </span>
     <span class='ocr_line' id='line_1_20' title="bbox 52 2244 1173 2328; baseline 0 -22"><span class='ocrx_word' id='word_1_151' title='bbox 52 2245 206 2306; x_wconf 86' lang='lat' dir='ltr'><strong><em>narratis</em></strong></span> <span class='ocrx_word' id='word_1_152' title='bbox 260 2244 361 2306; x_wconf 87' lang='lat' dir='ltr'><strong><em>artim</em></strong></span> <span class='ocrx_word' id='word_1_153' title='bbox 389 2264 571 2328; x_wconf 86' lang='lat' dir='ltr'><strong><em>supparem</em></strong></span> <span class='ocrx_word' id='word_1_154' title='bbox 598 2245 825 2308; x_wconf 77' lang='lat' dir='ltr'><strong><em>narrationem</em></strong></span> <span class='ocrx_word' id='word_1_155' title='bbox 852 2264 885 2306; x_wconf 92' lang='lat' dir='ltr'><strong><em>se</em></strong></span> <span class='ocrx_word' id='word_1_156' title='bbox 914 2244 1074 2328; x_wconf 90' lang='lat' dir='ltr'><strong><em>reperisse</em></strong></span> <span class='ocrx_word' id='word_1_157' title='bbox 1103 2245 1173 2328; x_wconf 93' lang='lat' dir='ltr'><strong><em>opi-</em></strong></span> 
     </span>
     <span class='ocr_line' id='line_1_21' title="bbox 52 2325 1175 2414; baseline 0 -24"><span class='ocrx_word' id='word_1_158' title='bbox 52 2336 166 2391; x_wconf 85' lang='lat' dir='ltr'><strong><em>natus.</em></strong></span> <span class='ocrx_word' id='word_1_159' title='bbox 254 2349 278 2390; x_wconf 81' lang='lat' dir='ltr'><strong><em>a</em></strong></span> <span class='ocrx_word' id='word_1_160' title='bbox 311 2326 453 2390; x_wconf 69' lang='lat' dir='ltr'><strong><em>brebero</em></strong></span> <span class='ocrx_word' id='word_1_161' title='bbox 483 2327 627 2393; x_wconf 81' lang='lat' dir='ltr'><strong><em>Biibmer</em></strong></span> <span class='ocrx_word' id='word_1_162' title='bbox 665 2349 771 2391; x_wconf 86' lang='lat' dir='ltr'><strong><em>onnes</em></strong></span> <span class='ocrx_word' id='word_1_163' title='bbox 805 2325 898 2392; x_wconf 89' lang='grc'><strong>1198.</strong></span> <span class='ocrx_word' id='word_1_164' title='bbox 928 2349 994 2414; x_wconf 80' lang='lat' dir='ltr'><strong><em>sqq.</em></strong></span> <span class='ocrx_word' id='word_1_165' title='bbox 1023 2327 1175 2392; x_wconf 86' lang='lat' dir='ltr'><strong><em>Fontium</em></strong></span> 
     </span>
     <span class='ocr_line' id='line_1_22' title="bbox 57 2409 1175 2497; baseline 0 -23"><span class='ocrx_word' id='word_1_166' title='bbox 57 2411 223 2476; x_wconf 80' lang='lat' dir='ltr'><strong><em>Volumini</em></strong></span> <span class='ocrx_word' id='word_1_167' title='bbox 246 2411 291 2475; x_wconf 89' lang='grc' dir='ltr'><strong><em>ΙΙ.</em></strong></span> <span class='ocrx_word' id='word_1_168' title='bbox 319 2412 460 2475; x_wconf 88' lang='lat' dir='ltr'><strong><em>inseruit</em></strong></span> <span class='ocrx_word' id='word_1_169' title='bbox 487 2416 538 2496; x_wconf 88' lang='lat' dir='ltr'><strong><em>(p.</em></strong></span> <span class='ocrx_word' id='word_1_170' title='bbox 561 2409 624 2475; x_wconf 81' lang='lat'><strong><em>329</em></strong></span> <span class='ocrx_word' id='word_1_171' title='bbox 650 2433 716 2497; x_wconf 81' lang='lat' dir='ltr'><strong><em>sqq.</em></strong></span> <span class='ocrx_word' id='word_1_172' title='bbox 719 2415 746 2492; x_wconf 86' lang='lat'><strong><em>),</em></strong></span> <span class='ocrx_word' id='word_1_173' title='bbox 770 2412 918 2496; x_wconf 81' lang='lat' dir='ltr'><strong><em>priorem</em></strong></span> <span class='ocrx_word' id='word_1_174' title='bbox 944 2432 1019 2476; x_wconf 88' lang='lat' dir='ltr'><strong><em>uero</em></strong></span> <span class='ocrx_word' id='word_1_175' title='bbox 1074 2421 1175 2475; x_wconf 89' lang='lat' dir='ltr'><strong><em>artem</em></strong></span> 
     </span>
     <span class='ocr_line' id='line_1_23' title="bbox 50 2494 1176 2581; baseline -0.003 -21"><span class='ocrx_word' id='word_1_176' title='bbox 50 2495 130 2560; x_wconf 86' lang='lat' dir='ltr'><strong><em>inde</em></strong></span> <span class='ocrx_word' id='word_1_177' title='bbox 154 2494 194 2559; x_wconf 88' lang='lat' dir='ltr'><strong><em>ab</em></strong></span> <span class='ocrx_word' id='word_1_178' title='bbox 217 2518 248 2558; x_wconf 89' lang='lat' dir='ltr'><strong><em>a.</em></strong></span> <span class='ocrx_word' id='word_1_179' title='bbox 272 2495 364 2562; x_wconf 90' lang='grc'><strong>1106.</strong></span> <span class='ocrx_word' id='word_1_180' title='bbox 390 2505 419 2558; x_wconf 91' lang='lat' dir='ltr'><strong><em>et</em></strong></span> <span class='ocrx_word' id='word_1_181' title='bbox 429 2495 627 2581; x_wconf 78' lang='lat' dir='ltr'><strong><em>frapmenta</em></strong></span> <span class='ocrx_word' id='word_1_182' title='bbox 670 2496 812 2560; x_wconf 89' lang='lat' dir='ltr'><strong><em>uaedam</em></strong></span> <span class='ocrx_word' id='word_1_183' title='bbox 834 2517 876 2560; x_wconf 83' lang='lat' dir='ltr'><strong><em>en</em></strong></span> <span class='ocrx_word' id='word_1_184' title='bbox 897 2496 1005 2560; x_wconf 88' lang='lat' dir='ltr'><strong><em>codice</em></strong></span> <span class='ocrx_word' id='word_1_185' title='bbox 1060 2494 1176 2579; x_wconf 86' lang='lat' dir='ltr'><strong><em>adfer-</em></strong></span> 
     </span>
     <span class='ocr_line' id='line_1_24' title="bbox 51 2519 1174 2728; baseline 0.001 -86"><span class='ocrx_word' id='word_1_186' title='bbox 51 2579 175 2728; x_wconf 39' lang='lat' dir='ltr'><strong><em>sstuno</em></strong></span> <span class='ocrx_word' id='word_1_187' title='bbox 199 2577 261 2644; x_wconf 86' lang='lat' dir='ltr'><strong><em>Vol.</em></strong></span> <span class='ocrx_word' id='word_1_188' title='bbox 284 2580 345 2643; x_wconf 90' lang='lat' dir='ltr'><strong><em>III</em></strong></span> <span class='ocrx_word' id='word_1_189' title='bbox 367 2585 418 2664; x_wconf 89' lang='lat' dir='ltr'><strong><em>(p.</em></strong></span> <span class='ocrx_word' id='word_1_190' title='bbox 440 2581 503 2644; x_wconf 86' lang='lat'><strong><em>408</em></strong></span> <span class='ocrx_word' id='word_1_191' title='bbox 526 2584 611 2666; x_wconf 82' lang='lat' dir='ltr'><strong><em>sqq.)</em></strong></span> <span class='ocrx_word' id='word_1_192' title='bbox 644 2519 743 2645; x_wconf 81' lang='lat' dir='ltr'><strong><em>dedit.</em></strong></span> <span class='ocrx_word' id='word_1_193' title='bbox 797 2579 913 2646; x_wconf 83' lang='lat' dir='ltr'><strong><em>Codice</em></strong></span> <span class='ocrx_word' id='word_1_194' title='bbox 935 2579 998 2643; x_wconf 82' lang='lat' dir='ltr'><strong><em>Al</em></strong></span> <span class='ocrx_word' id='word_1_195' title='bbox 1024 2603 1045 2643; x_wconf 91' lang='lat' dir='ltr'><strong><em>a</em></strong></span> <span class='ocrx_word' id='word_1_196' title='bbox 1069 2578 1107 2643; x_wconf 75' lang='lat' dir='ltr'><strong><em>G.</em></strong></span> <span class='ocrx_word' id='word_1_197' title='bbox 1131 2580 1174 2643; x_wconf 90' lang='grc' dir='ltr'><strong><em>Η.</em></strong></span> 
     </span>
     <span class='ocr_line' id='line_1_25' title="bbox 83 2663 1176 2749; baseline -0.001 -22"><span class='ocrx_word' id='word_1_198' title='bbox 83 2672 152 2727; x_wconf 77' lang='lat' dir='ltr'><strong><em>erte</em></strong></span> <span class='ocrx_word' id='word_1_199' title='bbox 177 2663 326 2744; x_wconf 76' lang='lat' dir='ltr'><strong><em>feliciter</em></strong></span> <span class='ocrx_word' id='word_1_200' title='bbox 360 2665 509 2746; x_wconf 83' lang='lat' dir='ltr'><strong><em>inuento,</em></strong></span> <span class='ocrx_word' id='word_1_201' title='bbox 540 2665 673 2749; x_wconf 91' lang='lat' dir='ltr'><strong><em>prodiit</em></strong></span> <span class='ocrx_word' id='word_1_202' title='bbox 708 2664 806 2728; x_wconf 89' lang='lat' dir='ltr'><strong><em>editio</em></strong></span> <span class='ocrx_word' id='word_1_203' title='bbox 837 2663 909 2746; x_wconf 79' lang='lat' dir='ltr'><strong><em>fita·</em></strong></span> <span class='ocrx_word' id='word_1_204' title='bbox 934 2663 1055 2728; x_wconf 83' lang='lat' dir='ltr'><strong><em>Karoli</em></strong></span> <span class='ocrx_word' id='word_1_205' title='bbox 1083 2664 1176 2728; x_wconf 84' lang='lat' dir='ltr'><strong><em>Perte</em></strong></span> 
     </span>
     <span class='ocr_line' id='line_1_26' title="bbox 52 2746 1174 2834; baseline -0.001 -21"><span class='ocrx_word' id='word_1_206' title='bbox 52 2747 137 2831; x_wconf 75' lang='lat' dir='ltr'><strong><em>(SS.</em></strong></span> <span class='ocrx_word' id='word_1_207' title='bbox 159 2748 285 2829; x_wconf 82' lang='lat' dir='ltr'><strong><em>XVII),</em></strong></span> <span class='ocrx_word' id='word_1_208' title='bbox 322 2750 378 2812; x_wconf 90' lang='lat' dir='ltr'><strong><em>cui</em></strong></span> <span class='ocrx_word' id='word_1_209' title='bbox 409 2750 507 2813; x_wconf 84' lang='lat' dir='ltr'><strong><em>etiam</em></strong></span> <span class='ocrx_word' id='word_1_210' title='bbox 540 2749 666 2814; x_wconf 89' lang='lat' dir='ltr'><strong><em>codices</em></strong></span> <span class='ocrx_word' id='word_1_211' title='bbox 695 2746 947 2834; x_wconf 76' lang='lat' dir='ltr'><strong><em>Guelferbytani</em></strong></span> <span class='ocrx_word' id='word_1_212' title='bbox 968 2748 1018 2831; x_wconf 92' lang='lat' dir='ltr'><strong><em>(B</em></strong></span> <span class='ocrx_word' id='word_1_213' title='bbox 1035 2750 1063 2830; x_wconf 86' lang='lat'><strong><em>1,</em></strong></span> <span class='ocrx_word' id='word_1_214' title='bbox 1097 2747 1174 2812; x_wconf 82' lang='lat' dir='ltr'><strong><em>olim</em></strong></span> 
     </span>
     <span class='ocr_line' id='line_1_27' title="bbox 53 2830 1174 2914; baseline 0.001 -18"><span class='ocrx_word' id='word_1_215' title='bbox 53 2855 77 2896; x_wconf 77' lang='lat' dir='ltr'><strong><em>a</em></strong></span> <span class='ocrx_word' id='word_1_216' title='bbox 104 2855 154 2897; x_wconf 89' lang='lat' dir='ltr'><strong><em>me</em></strong></span> <span class='ocrx_word' id='word_1_217' title='bbox 182 2831 330 2912; x_wconf 83' lang='lat' dir='ltr'><strong><em>collatus,</em></strong></span> <span class='ocrx_word' id='word_1_218' title='bbox 367 2841 396 2896; x_wconf 90' lang='lat' dir='ltr'><strong><em>et</em></strong></span> <span class='ocrx_word' id='word_1_219' title='bbox 423 2833 509 2914; x_wconf 73' lang='lat' dir='ltr'><strong><em>As),</em></strong></span> <span class='ocrx_word' id='word_1_220' title='bbox 543 2832 720 2897; x_wconf 82' lang='lat' dir='ltr'><strong><em>Vaticanus</em></strong></span> <span class='ocrx_word' id='word_1_221' title='bbox 757 2832 851 2913; x_wconf 75' lang='lat'><em>(01)</em></span> <span class='ocrx_word' id='word_1_222' title='bbox 888 2841 916 2897; x_wconf 92' lang='lat' dir='ltr'><strong><em>et</em></strong></span> <span class='ocrx_word' id='word_1_223' title='bbox 945 2830 1174 2896; x_wconf 84' lang='lat' dir='ltr'><strong><em>Brunelbensis</em></strong></span> 
     </span>
     <span class='ocr_line' id='line_1_28' title="bbox 51 2915 1174 3002; baseline -0.004 -20"><span class='ocrx_word' id='word_1_224' title='bbox 51 2915 149 2999; x_wconf 75' lang='lat'><em>(02)</em></span> <span class='ocrx_word' id='word_1_225' title='bbox 183 2916 326 2981; x_wconf 75' lang='lat' dir='ltr'><strong><em>adhibiti</em></strong></span> <span class='ocrx_word' id='word_1_226' title='bbox 358 2926 444 2997; x_wconf 89' lang='lat' dir='ltr'><strong><em>sunt,</em></strong></span> <span class='ocrx_word' id='word_1_227' title='bbox 481 2939 584 3002; x_wconf 79' lang='lat' dir='ltr'><strong><em>neque</em></strong></span> <span class='ocrx_word' id='word_1_228' title='bbox 618 2926 727 2981; x_wconf 91' lang='lat' dir='ltr'><strong><em>tamen</em></strong></span> <span class='ocrx_word' id='word_1_229' title='bbox 757 2919 854 2980; x_wconf 89' lang='lat' dir='ltr'><strong><em>iustis</em></strong></span> <span class='ocrx_word' id='word_1_230' title='bbox 888 2919 971 2980; x_wconf 88' lang='lat' dir='ltr'><strong><em>votis</em></strong></span> <span class='ocrx_word' id='word_1_231' title='bbox 1004 2916 1174 3002; x_wconf 79' lang='lat' dir='ltr'><strong><em>satisfecit.</em></strong></span> 
     </span>
     <span class='ocr_line' id='line_1_29' title="bbox 56 3000 1176 3087; baseline -0.002 -21"><span class='ocrx_word' id='word_1_232' title='bbox 56 3000 341 3066; x_wconf 80' lang='lat' dir='ltr'><strong><em>Continuationem</em></strong></span> <span class='ocrx_word' id='word_1_233' title='bbox 369 3001 517 3065; x_wconf 80' lang='lat' dir='ltr'><strong><em>rdtimam</em></strong></span> <span class='ocrx_word' id='word_1_234' title='bbox 542 3003 675 3086; x_wconf 87' lang='lat' dir='ltr'><strong><em>primus</em></strong></span> <span class='ocrx_word' id='word_1_235' title='bbox 704 3023 744 3066; x_wconf 85' lang='lat' dir='ltr'><strong><em>ere</em></strong></span> <span class='ocrx_word' id='word_1_236' title='bbox 776 3001 885 3065; x_wconf 90' lang='lat' dir='ltr'><strong><em>codice</em></strong></span> <span class='ocrx_word' id='word_1_237' title='bbox 914 3001 1176 3087; x_wconf 77' lang='lat' dir='ltr'><strong><em>Wircebarpensi</em></strong></span> 
     </span>
     <span class='ocr_line' id='line_1_30' title="bbox 53 3083 1174 3170; baseline 0.002 -23"><span class='ocrx_word' id='word_1_238' title='bbox 53 3085 105 3167; x_wconf 90' lang='lat' dir='ltr'><strong><em>(D</em></strong></span> <span class='ocrx_word' id='word_1_239' title='bbox 114 3086 152 3166; x_wconf 91' lang='grc'><strong><em>1)</em></strong></span> <span class='ocrx_word' id='word_1_240' title='bbox 175 3084 280 3150; x_wconf 86' lang='lat' dir='ltr'><strong><em>edidit</em></strong></span> <span class='ocrx_word' id='word_1_241' title='bbox 302 3084 334 3150; x_wconf 90' lang='lat' dir='ltr'><strong><em>V.</em></strong></span> <span class='ocrx_word' id='word_1_242' title='bbox 353 3083 401 3150; x_wconf 80' lang='lat' dir='ltr'><strong><em>Ol.</em></strong></span> <span class='ocrx_word' id='word_1_243' title='bbox 417 3085 532 3150; x_wconf 88' lang='lat' dir='ltr'><strong><em>Huber</em></strong></span> <span class='ocrx_word' id='word_1_244' title='bbox 554 3086 723 3170; x_wconf 73' lang='lat' dir='ltr'><strong><em>(Biibmem</em></strong></span> <span class='ocrx_word' id='word_1_245' title='bbox 738 3086 856 3150; x_wconf 86' lang='lat' dir='ltr'><strong><em>Fontes</em></strong></span> <span class='ocrx_word' id='word_1_246' title='bbox 872 3084 931 3166; x_wconf 85' lang='lat' dir='ltr'><strong><em>IV,</em></strong></span> <span class='ocrx_word' id='word_1_247' title='bbox 978 3084 1062 3150; x_wconf 78' lang='lat'>‚470</span> <span class='ocrx_word' id='word_1_248' title='bbox 1078 3106 1144 3170; x_wconf 83' lang='lat' dir='ltr'><strong><em>sqq.</em></strong></span> <span class='ocrx_word' id='word_1_249' title='bbox 1146 3088 1174 3165; x_wconf 82' lang='lat'><strong><em>),</em></strong></span> 
     </span>
     <span class='ocr_line' id='line_1_31' title="bbox 49 3168 1174 3252; baseline -0.002 -18"><span class='ocrx_word' id='word_1_250' title='bbox 49 3177 126 3252; x_wconf 91' lang='lat' dir='ltr'><strong><em>post</em></strong></span> <span class='ocrx_word' id='word_1_251' title='bbox 158 3192 231 3234; x_wconf 87' lang='lat' dir='ltr'><strong><em>eum</em></strong></span> <span class='ocrx_word' id='word_1_252' title='bbox 259 3169 293 3234; x_wconf 86' lang='lat' dir='ltr'><strong><em>V.</em></strong></span> <span class='ocrx_word' id='word_1_253' title='bbox 310 3168 358 3236; x_wconf 74' lang='lat' dir='ltr'><strong><em>CI·</em></strong></span> <span class='ocrx_word' id='word_1_254' title='bbox 374 3169 554 3236; x_wconf 78' lang='lat' dir='ltr'><strong><em>Cardauns</em></strong></span> <span class='ocrx_word' id='word_1_255' title='bbox 577 3169 657 3252; x_wconf 77' lang='lat' dir='ltr'><strong><em>(SS.</em></strong></span> <span class='ocrx_word' id='word_1_256' title='bbox 672 3169 786 3249; x_wconf 89' lang='lat' dir='ltr'><strong><em>XXII)</em></strong></span> <span class='ocrx_word' id='word_1_257' title='bbox 795 3191 807 3250; x_wconf 89' lang='lat'><em>;</em></span> <span class='ocrx_word' id='word_1_258' title='bbox 836 3191 935 3233; x_wconf 87' lang='lat' dir='ltr'><strong><em>secun</em></strong></span> <span class='ocrx_word' id='word_1_259' title='bbox 961 3191 1014 3233; x_wconf 92' lang='lat' dir='ltr'><strong><em>am</em></strong></span> <span class='ocrx_word' id='word_1_260' title='bbox 1041 3191 1083 3232; x_wconf 80' lang='lat' dir='ltr'><strong><em>en</em></strong></span> <span class='ocrx_word' id='word_1_261' title='bbox 1104 3170 1174 3234; x_wconf 90' lang='lat' dir='ltr'><strong><em>cod.</em></strong></span> 
     </span>
     <span class='ocr_line' id='line_1_32' title="bbox 60 3252 1175 3339; baseline 0 -22"><span class='ocrx_word' id='word_1_262' title='bbox 60 3253 303 3319; x_wconf 88' lang='lat' dir='ltr'><strong><em>Vindobonensi</em></strong></span> <span class='ocrx_word' id='word_1_263' title='bbox 334 3276 443 3339; x_wconf 91' lang='lat' dir='ltr'><strong><em>nuper</em></strong></span> <span class='ocrx_word' id='word_1_264' title='bbox 470 3256 639 3339; x_wconf 88' lang='lat' dir='ltr'><strong><em>proposui</em></strong></span> <span class='ocrx_word' id='word_1_265' title='bbox 666 3253 747 3337; x_wconf 77' lang='lat' dir='ltr'><strong><em>(SS.</em></strong></span> <span class='ocrx_word' id='word_1_266' title='bbox 768 3252 901 3334; x_wconf 89' lang='lat' dir='ltr'><strong><em>XXIV).</em></strong></span> <span class='ocrx_word' id='word_1_267' title='bbox 925 3289 963 3300; x_wconf 92' lang='lat'>-</span> <span class='ocrx_word' id='word_1_268' title='bbox 992 3254 1175 3318; x_wconf 87' lang='lat' dir='ltr'><strong><em>Versionem</em></strong></span> 
     </span>
     <span class='ocr_line' id='line_1_33' title="bbox 56 3333 1175 3403; baseline -0.004 -1"><span class='ocrx_word' id='word_1_269' title='bbox 56 3335 288 3402; x_wconf 75' lang='lat' dir='ltr'><strong><em>Germanicam</em></strong></span> <span class='ocrx_word' id='word_1_270' title='bbox 331 3360 496 3403; x_wconf 88' lang='lat' dir='ltr'><strong><em>annorum</em></strong></span> <span class='ocrx_word' id='word_1_271' title='bbox 532 3337 751 3403; x_wconf 76' lang='lat' dir='ltr'><strong><em>llos-1237.</em></strong></span> <span class='ocrx_word' id='word_1_272' title='bbox 793 3337 940 3402; x_wconf 85' lang='lat' dir='ltr'><strong><em>debemus</em></strong></span> <span class='ocrx_word' id='word_1_273' title='bbox 979 3336 1012 3402; x_wconf 79' lang='lat' dir='ltr'><strong><em>O.</em></strong></span> <span class='ocrx_word' id='word_1_274' title='bbox 1038 3333 1175 3400; x_wconf 82' lang='lat' dir='ltr'><strong><em>Platner</em></strong></span> 
     </span>
     <span class='ocr_line' id='line_1_34' title="bbox 55 3419 1142 3505; baseline -0.003 -19"><span class='ocrx_word' id='word_1_275' title='bbox 55 3420 419 3505; x_wconf 75' lang='lat' dir='ltr'><strong><em>(‘Gescbicbtscbreiber</em></strong></span> <span class='ocrx_word' id='word_1_276' title='bbox 441 3423 501 3487; x_wconf 91' lang='lat' dir='ltr'><strong><em>der</em></strong></span> <span class='ocrx_word' id='word_1_277' title='bbox 515 3423 559 3486; x_wconf 88' lang='lat' dir='ltr'><strong><em>D.</em></strong></span> <span class='ocrx_word' id='word_1_278' title='bbox 579 3422 710 3488; x_wconf 83' lang='lat' dir='ltr'><strong><em>Vorzeit.</em></strong></span> <span class='ocrx_word' id='word_1_279' title='bbox 725 3422 819 3486; x_wconf 87' lang='lat' dir='ltr'><strong><em>XIII.</em></strong></span> <span class='ocrx_word' id='word_1_280' title='bbox 832 3421 963 3488; x_wconf 66' lang='lat' dir='ltr'><strong><em>Jatrtss</em></strong></span> <span class='ocrx_word' id='word_1_281' title='bbox 979 3419 1043 3484; x_wconf 87' lang='lat' dir='ltr'><strong><em>Vol.</em></strong></span> <span class='ocrx_word' id='word_1_282' title='bbox 1058 3419 1121 3483; x_wconf 89' lang='lat' dir='ltr'><strong><em>III</em></strong></span> <span class='ocrx_word' id='word_1_283' title='bbox 1114 3424 1142 3500; x_wconf 89' lang='lat'><strong><em>).</em></strong></span> 
     </span>
     <span class='ocr_line' id='line_1_35' title="bbox 138 3504 1174 3588; baseline -0.002 -18"><span class='ocrx_word' id='word_1_284' title='bbox 138 3506 271 3571; x_wconf 86' lang='lat' dir='ltr'><strong><em>Novom</em></strong></span> <span class='ocrx_word' id='word_1_285' title='bbox 302 3507 477 3572; x_wconf 86' lang='lat' dir='ltr'><strong><em>editionem</em></strong></span> <span class='ocrx_word' id='word_1_286' title='bbox 503 3509 553 3572; x_wconf 90' lang='lat' dir='ltr'><strong><em>ita</em></strong></span> <span class='ocrx_word' id='word_1_287' title='bbox 585 3508 734 3588; x_wconf 86' lang='lat' dir='ltr'><strong><em>institui,</em></strong></span> <span class='ocrx_word' id='word_1_288' title='bbox 768 3515 804 3570; x_wconf 90' lang='lat' dir='ltr'><strong><em>at</em></strong></span> <span class='ocrx_word' id='word_1_289' title='bbox 831 3507 918 3570; x_wconf 85' lang='lat' dir='ltr'><strong><em>dnos</em></strong></span> <span class='ocrx_word' id='word_1_290' title='bbox 947 3513 1074 3569; x_wconf 88' lang='lat' dir='ltr'><strong><em>tantum</em></strong></span> <span class='ocrx_word' id='word_1_291' title='bbox 1103 3504 1174 3568; x_wconf 89' lang='lat' dir='ltr'><strong><em>ubi·</em></strong></span> 
     </span>
     <span class='ocr_line' id='line_1_36' title="bbox 54 3587 1174 3678; baseline -0.004 -24"><span class='ocrx_word' id='word_1_292' title='bbox 54 3611 116 3674; x_wconf 74' lang='lat' dir='ltr'><strong><em>que</em></strong></span> <span class='ocrx_word' id='word_1_293' title='bbox 148 3589 384 3677; x_wconf 77' lang='lat' dir='ltr'><strong><em>distinpuerem</em></strong></span> <span class='ocrx_word' id='word_1_294' title='bbox 415 3593 636 3673; x_wconf 86' lang='lat' dir='ltr'><strong><em>recensiones,</em></strong></span> <span class='ocrx_word' id='word_1_295' title='bbox 673 3590 785 3678; x_wconf 79' lang='lat' dir='ltr'><strong><em>quotes</em></strong></span> <span class='ocrx_word' id='word_1_296' title='bbox 819 3611 920 3675; x_wconf 79' lang='lat' dir='ltr'><strong><em>usque</em></strong></span> <span class='ocrx_word' id='word_1_297' title='bbox 953 3589 998 3654; x_wconf 92' lang='lat' dir='ltr'><strong><em>ad</em></strong></span> <span class='ocrx_word' id='word_1_298' title='bbox 1027 3612 1059 3653; x_wconf 89' lang='lat' dir='ltr'><strong><em>a.</em></strong></span> <span class='ocrx_word' id='word_1_299' title='bbox 1083 3587 1174 3652; x_wconf 89' lang='grc'><strong>1106.</strong></span> 
     </span>
    </p>
   </div>
   <div class='ocr_carea' id='block_1_3' title="bbox 5 3751 1178 4478">
    <p class='ocr_par' dir='ltr' id='par_1_3' title="bbox 5 3751 1178 4478">
     <span class='ocr_line' id='line_1_37' title="bbox 59 3751 1176 3821; baseline 0.001 -20"><span class='ocrx_word' id='word_1_300' title='bbox 59 3751 86 3818; x_wconf 90' lang='lat' dir='ltr'><strong><em>l)</em></strong></span> <span class='ocrx_word' id='word_1_301' title='bbox 106 3752 220 3805; x_wconf 75' lang='lat' dir='ltr'><strong><em>Eebcrte</em></strong></span> <span class='ocrx_word' id='word_1_302' title='bbox 239 3753 264 3818; x_wconf 89' lang='lat' dir='ltr'><strong><em>I,</em></strong></span> <span class='ocrx_word' id='word_1_303' title='bbox 280 3772 311 3820; x_wconf 87' lang='lat' dir='ltr'><strong><em>p.</em></strong></span> <span class='ocrx_word' id='word_1_304' title='bbox 332 3755 381 3807; x_wconf 78' lang='lat'><strong><em>24:</em></strong></span> <span class='ocrx_word' id='word_1_305' title='bbox 400 3760 479 3821; x_wconf 85' lang='lat' dir='ltr'><strong><em>prout</em></strong></span> <span class='ocrx_word' id='word_1_306' title='bbox 497 3755 548 3805; x_wconf 87' lang='lat' dir='ltr'><strong><em>hec</em></strong></span> <span class='ocrx_word' id='word_1_307' title='bbox 569 3761 596 3806; x_wconf 83' lang='lat' dir='ltr'><strong><em>et</em></strong></span> <span class='ocrx_word' id='word_1_308' title='bbox 615 3753 670 3805; x_wconf 82' lang='lat' dir='ltr'><strong><em>slis</em></strong></span> <span class='ocrx_word' id='word_1_309' title='bbox 689 3755 758 3805; x_wconf 81' lang='lat' dir='ltr'><strong><em>hanc</em></strong></span> <span class='ocrx_word' id='word_1_310' title='bbox 779 3755 918 3805; x_wconf 81' lang='lat' dir='ltr'><strong><em>historiam</em></strong></span> <span class='ocrx_word' id='word_1_311' title='bbox 943 3754 1129 3818; x_wconf 81' lang='lat' dir='ltr'><strong><em>contingentis</em></strong></span> <span class='ocrx_word' id='word_1_312' title='bbox 1147 3753 1176 3803; x_wconf 87' lang='lat' dir='ltr'><strong><em>in</em></strong></span> 
     </span>
     <span class='ocr_line' id='line_1_38' title="bbox 54 3826 1176 3896; baseline -0.002 -19"><span class='ocrx_word' id='word_1_313' title='bbox 54 3827 247 3893; x_wconf 82' lang='lat' dir='ltr'><strong><em>superioribus,</em></strong></span> <span class='ocrx_word' id='word_1_314' title='bbox 273 3827 380 3880; x_wconf 82' lang='lat' dir='ltr'><strong><em>scilicet</em></strong></span> <span class='ocrx_word' id='word_1_315' title='bbox 399 3831 427 3878; x_wconf 90' lang='lat' dir='ltr'><strong><em>in</em></strong></span> <span class='ocrx_word' id='word_1_316' title='bbox 447 3829 562 3879; x_wconf 85' lang='lat' dir='ltr'><strong><em>cronicis</em></strong></span> <span class='ocrx_word' id='word_1_317' title='bbox 587 3830 777 3896; x_wconf 81' lang='lat' dir='ltr'><strong><em>imperatorum</em></strong></span> <span class='ocrx_word' id='word_1_318' title='bbox 804 3828 853 3879; x_wconf 87' lang='lat' dir='ltr'><strong><em>sub</em></strong></span> <span class='ocrx_word' id='word_1_319' title='bbox 873 3827 1037 3894; x_wconf 83' lang='lat' dir='ltr'><strong><em>temporibus</em></strong></span> <span class='ocrx_word' id='word_1_320' title='bbox 1056 3826 1176 3892; x_wconf 86' lang='lat' dir='ltr'><strong><em>Philippi</em></strong></span> 
     </span>
     <span class='ocr_line' id='line_1_39' title="bbox 54 3898 1176 3968; baseline -0.002 -17"><span class='ocrx_word' id='word_1_321' title='bbox 54 3900 169 3951; x_wconf 82' lang='lat' dir='ltr'><strong><em>secundi</em></strong></span> <span class='ocrx_word' id='word_1_322' title='bbox 188 3907 216 3951; x_wconf 83' lang='lat' dir='ltr'><strong><em>et</em></strong></span> <span class='ocrx_word' id='word_1_323' title='bbox 235 3901 342 3952; x_wconf 86' lang='lat' dir='ltr'><strong><em>Ottonis</em></strong></span> <span class='ocrx_word' id='word_1_324' title='bbox 362 3903 449 3968; x_wconf 83' lang='lat' dir='ltr'><strong><em>quarti</em></strong></span> <span class='ocrx_word' id='word_1_325' title='bbox 465 3901 644 3953; x_wconf 83' lang='lat' dir='ltr'><strong><em>Romanorum</em></strong></span> <span class='ocrx_word' id='word_1_326' title='bbox 663 3917 756 3966; x_wconf 81' lang='lat' dir='ltr'><strong><em>regum</em></strong></span> <span class='ocrx_word' id='word_1_327' title='bbox 775 3901 881 3967; x_wconf 86' lang='lat' dir='ltr'><strong><em>plenius</em></strong></span> <span class='ocrx_word' id='word_1_328' title='bbox 900 3902 1077 3951; x_wconf 82' lang='lat' dir='ltr'><strong><em>continentur.</em></strong></span> <span class='ocrx_word' id='word_1_329' title='bbox 1117 3898 1176 3960; x_wconf 81' lang='lat' dir='ltr'><strong><em>Quo</em></strong></span> 
     </span>
     <span class='ocr_line' id='line_1_40' title="bbox 53 3971 1175 4039; baseline -0.002 -15"><span class='ocrx_word' id='word_1_330' title='bbox 53 3972 87 4024; x_wconf 89' lang='lat' dir='ltr'><strong><em>de</em></strong></span> <span class='ocrx_word' id='word_1_331' title='bbox 119 3974 175 4025; x_wconf 85' lang='lat' dir='ltr'><strong><em>loco</em></strong></span> <span class='ocrx_word' id='word_1_332' title='bbox 206 3974 240 4038; x_wconf 82' lang='lat' dir='ltr'><strong><em>cs.</em></strong></span> <span class='ocrx_word' id='word_1_333' title='bbox 263 3971 403 4026; x_wconf 83' lang='lat' dir='ltr'><strong><em>Lebmann</em></strong></span> <span class='ocrx_word' id='word_1_334' title='bbox 426 3992 457 4039; x_wconf 90' lang='lat' dir='ltr'><strong><em>p.</em></strong></span> <span class='ocrx_word' id='word_1_335' title='bbox 485 3975 528 4024; x_wconf 78' lang='lat'><strong><em>28.</em></strong></span> <span class='ocrx_word' id='word_1_336' title='bbox 642 3971 670 4039; x_wconf 78' lang='lat'><strong><em>2)</em></strong></span> <span class='ocrx_word' id='word_1_337' title='bbox 697 3973 847 4037; x_wconf 74' lang='lat' dir='ltr'><strong><em>Uardanus,</em></strong></span> <span class='ocrx_word' id='word_1_338' title='bbox 875 3973 1030 4024; x_wconf 77' lang='lat' dir='ltr'><strong><em>‘Stddtecbm</em></strong></span> <span class='ocrx_word' id='word_1_339' title='bbox 1058 3971 1130 4023; x_wconf 77' lang='lat' dir='ltr'><strong><em>Cb&#39;bt’</em></strong></span> <span class='ocrx_word' id='word_1_340' title='bbox 1149 3971 1175 4034; x_wconf 92' lang='lat' dir='ltr'><strong><em>I,</em></strong></span> 
     </span>
     <span class='ocr_line' id='line_1_41' title="bbox 53 4044 1176 4114; baseline -0.002 -16"><span class='ocrx_word' id='word_1_341' title='bbox 53 4063 81 4111; x_wconf 83' lang='lat' dir='ltr'><strong><em>p.</em></strong></span> <span class='ocrx_word' id='word_1_342' title='bbox 101 4057 225 4108; x_wconf 73' lang='lat' dir='ltr'><em>Lm115</em></span> <span class='ocrx_word' id='word_1_343' title='bbox 250 4045 292 4111; x_wconf 85' lang='grc' dir='ltr'><strong><em>ΙΙ,</em></strong></span> <span class='ocrx_word' id='word_1_344' title='bbox 307 4065 339 4114; x_wconf 84' lang='lat' dir='ltr'><strong><em>p.</em></strong></span> <span class='ocrx_word' id='word_1_345' title='bbox 360 4049 423 4100; x_wconf 79' lang='lat'><strong><em>232.</em></strong></span> <span class='ocrx_word' id='word_1_346' title='bbox 499 4045 528 4114; x_wconf 82' lang='grc'><strong><em>3)</em></strong></span> <span class='ocrx_word' id='word_1_347' title='bbox 548 4045 640 4099; x_wconf 86' lang='lat' dir='ltr'><strong><em>Minus</em></strong></span> <span class='ocrx_word' id='word_1_348' title='bbox 659 4055 728 4098; x_wconf 83' lang='lat' dir='ltr'><strong><em>recte</em></strong></span> <span class='ocrx_word' id='word_1_349' title='bbox 747 4047 780 4096; x_wconf 91' lang='lat' dir='ltr'><strong><em>K.</em></strong></span> <span class='ocrx_word' id='word_1_350' title='bbox 795 4047 872 4098; x_wconf 82' lang='lat' dir='ltr'><strong><em>Perte</em></strong></span> <span class='ocrx_word' id='word_1_351' title='bbox 893 4045 1039 4099; x_wconf 84' lang='lat' dir='ltr'><strong><em>contendit:</em></strong></span> <span class='ocrx_word' id='word_1_352' title='bbox 1066 4061 1099 4096; x_wconf 81' lang='lat' dir='ltr'><strong><em>en</em></strong></span> <span class='ocrx_word' id='word_1_353' title='bbox 1118 4044 1176 4096; x_wconf 86' lang='lat' dir='ltr'><strong><em>cod.</em></strong></span> 
     </span>
     <span class='ocr_line' id='line_1_42' title="bbox 5 4117 1178 4186; baseline -0.001 -16"><span class='ocrx_word' id='word_1_354' title='bbox 5 4147 7 4158; x_wconf 51' lang='grc' dir='ltr'><em>ν</em></span> <span class='ocrx_word' id='word_1_355' title='bbox 55 4118 275 4186; x_wconf 65' lang='lat' dir='ltr'><strong><em>duniferbptano,</em></strong></span> <span class='ocrx_word' id='word_1_356' title='bbox 293 4136 370 4186; x_wconf 83' lang='lat' dir='ltr'><strong><em>quem</em></strong></span> <span class='ocrx_word' id='word_1_357' title='bbox 388 4120 529 4173; x_wconf 74' lang='lat' dir='ltr'><strong><em>Eccordns</em></strong></span> <span class='ocrx_word' id='word_1_358' title='bbox 540 4121 617 4186; x_wconf 82' lang='lat' dir='ltr'><strong><em>falso</em></strong></span> <span class='ocrx_word' id='word_1_359' title='bbox 636 4118 894 4172; x_wconf 83' lang='lat' dir='ltr'><strong><em>Broelmonnionum</em></strong></span> <span class='ocrx_word' id='word_1_360' title='bbox 912 4118 989 4171; x_wconf 80' lang='lat' dir='ltr'><strong><em>discit.</em></strong></span> <span class='ocrx_word' id='word_1_361' title='bbox 1065 4119 1095 4184; x_wconf 83' lang='lat'><strong><em>4)</em></strong></span> <span class='ocrx_word' id='word_1_362' title='bbox 1115 4117 1178 4169; x_wconf 87' lang='lat' dir='ltr'><strong><em>Non</em></strong></span> 
     </span>
     <span class='ocr_line' id='line_1_43' title="bbox 57 4190 1178 4260; baseline -0.005 -14"><span class='ocrx_word' id='word_1_363' title='bbox 57 4192 156 4254; x_wconf 78' lang='lat' dir='ltr'><strong><em>sedern,</em></strong></span> <span class='ocrx_word' id='word_1_364' title='bbox 183 4199 214 4243; x_wconf 83' lang='lat' dir='ltr'><strong><em>ut</em></strong></span> <span class='ocrx_word' id='word_1_365' title='bbox 231 4192 309 4246; x_wconf 71' lang='lat' dir='ltr'><strong><em>Perta</em></strong></span> <span class='ocrx_word' id='word_1_366' title='bbox 327 4194 420 4258; x_wconf 82' lang='lat' dir='ltr'><strong><em>soluit,</em></strong></span> <span class='ocrx_word' id='word_1_367' title='bbox 447 4195 493 4260; x_wconf 79' lang='lat' dir='ltr'><strong><em>qui</em></strong></span> <span class='ocrx_word' id='word_1_368' title='bbox 510 4211 584 4245; x_wconf 86' lang='lat' dir='ltr'><strong><em>nanc</em></strong></span> <span class='ocrx_word' id='word_1_369' title='bbox 605 4193 635 4244; x_wconf 90' lang='lat' dir='ltr'><strong><em>in</em></strong></span> <span class='ocrx_word' id='word_1_370' title='bbox 654 4193 809 4246; x_wconf 74' lang='lat' dir='ltr'><strong><em>bibliotheca</em></strong></span> <span class='ocrx_word' id='word_1_371' title='bbox 830 4190 998 4244; x_wconf 83' lang='lat' dir='ltr'><strong><em>Berolinensi</em></strong></span> <span class='ocrx_word' id='word_1_372' title='bbox 1017 4191 1178 4243; x_wconf 83' lang='lat' dir='ltr'><strong><em>adservatur</em></strong></span> 
     </span>
     <span class='ocr_line' id='line_1_44' title="bbox 57 4261 1177 4334; baseline -0.013 -6"><span class='ocrx_word' id='word_1_373' title='bbox 57 4261 153 4328; x_wconf 74' lang='lat'>(01*‚·</span> <span class='ocrx_word' id='word_1_374' title='bbox 172 4285 199 4319; x_wconf 86' lang='lat' dir='ltr'><strong><em>o.</em></strong></span> <span class='ocrx_word' id='word_1_375' title='bbox 211 4263 351 4318; x_wconf 74' lang='lat' dir='ltr'><strong><em>Lehmann</em></strong></span> <span class='ocrx_word' id='word_1_376' title='bbox 365 4286 395 4334; x_wconf 89' lang='lat' dir='ltr'><strong><em>p.</em></strong></span> <span class='ocrx_word' id='word_1_377' title='bbox 407 4269 448 4334; x_wconf 81' lang='lat'><strong><em>3),</em></strong></span> <span class='ocrx_word' id='word_1_378' title='bbox 467 4268 515 4320; x_wconf 88' lang='lat' dir='ltr'><strong><em>sed</em></strong></span> <span class='ocrx_word' id='word_1_379' title='bbox 527 4274 595 4320; x_wconf 84' lang='lat' dir='ltr'><strong><em>certe</em></strong></span> <span class='ocrx_word' id='word_1_380' title='bbox 608 4267 724 4320; x_wconf 86' lang='lat' dir='ltr'><strong><em>eiusdem</em></strong></span> <span class='ocrx_word' id='word_1_381' title='bbox 737 4264 858 4334; x_wconf 68' lang='lat' dir='ltr'><strong><em>eripiam,</em></strong></span> <span class='ocrx_word' id='word_1_382' title='bbox 879 4283 937 4318; x_wconf 86' lang='lat' dir='ltr'><strong><em>cum</em></strong></span> <span class='ocrx_word' id='word_1_383' title='bbox 950 4267 1030 4317; x_wconf 86' lang='lat' dir='ltr'><strong><em>etiam</em></strong></span> <span class='ocrx_word' id='word_1_384' title='bbox 1041 4263 1177 4332; x_wconf 63' lang='lat' dir='ltr'><strong><em>pecuina</em></strong></span> 
     </span>
     <span class='ocr_line' id='line_1_45' title="bbox 57 4339 1177 4406; baseline -0.004 -16"><span class='ocrx_word' id='word_1_385' title='bbox 57 4355 159 4391; x_wconf 75' lang='lat' dir='ltr'><strong><em>errores</em></strong></span> <span class='ocrx_word' id='word_1_386' title='bbox 174 4339 213 4402; x_wconf 86' lang='lat' dir='ltr'><strong><em>(a.</em></strong></span> <span class='ocrx_word' id='word_1_387' title='bbox 229 4340 314 4391; x_wconf 87' lang='lat'>1001:</span> <span class='ocrx_word' id='word_1_388' title='bbox 335 4349 397 4393; x_wconf 79' lang='lat' dir='ltr'><strong><em>ante</em></strong></span> <span class='ocrx_word' id='word_1_389' title='bbox 417 4342 501 4393; x_wconf 75' lang='lat' dir='ltr'><strong><em>altare</em></strong></span> <span class='ocrx_word' id='word_1_390' title='bbox 515 4342 564 4393; x_wconf 83' lang='lat' dir='ltr'><strong><em>sed</em></strong></span> <span class='ocrx_word' id='word_1_391' title='bbox 578 4341 658 4393; x_wconf 87' lang='lat' dir='ltr'><strong><em>modo</em></strong></span> <span class='ocrx_word' id='word_1_392' title='bbox 676 4343 704 4393; x_wconf 90' lang='lat' dir='ltr'><strong><em>in</em></strong></span> <span class='ocrx_word' id='word_1_393' title='bbox 723 4341 806 4393; x_wconf 89' lang='lat' dir='ltr'><strong><em>choro</em></strong></span> <span class='ocrx_word' id='word_1_394' title='bbox 815 4356 882 4406; x_wconf 89' lang='lat' dir='ltr'><strong><em>pro:</em></strong></span> <span class='ocrx_word' id='word_1_395' title='bbox 903 4346 965 4390; x_wconf 81' lang='lat' dir='ltr'><strong><em>ante</em></strong></span> <span class='ocrx_word' id='word_1_396' title='bbox 979 4339 1064 4391; x_wconf 76' lang='lat' dir='ltr'><strong><em>altars</em></strong></span> <span class='ocrx_word' id='word_1_397' title='bbox 1079 4339 1177 4390; x_wconf 81' lang='lat' dir='ltr'><strong><em>Sancte</em></strong></span> 
     </span>
     <span class='ocr_line' id='line_1_46' title="bbox 57 4413 613 4478; baseline 0.005 -15"><span class='ocrx_word' id='word_1_398' title='bbox 57 4413 142 4464; x_wconf 75' lang='lat' dir='ltr'><strong><em>Maris</em></strong></span> <span class='ocrx_word' id='word_1_399' title='bbox 162 4414 191 4463; x_wconf 88' lang='lat' dir='ltr'><strong><em>in</em></strong></span> <span class='ocrx_word' id='word_1_400' title='bbox 212 4413 305 4478; x_wconf 87' lang='lat' dir='ltr'><strong><em>choro)</em></strong></span> <span class='ocrx_word' id='word_1_401' title='bbox 325 4432 470 4468; x_wconf 84' lang='lat' dir='ltr'><strong><em>communes</em></strong></span> <span class='ocrx_word' id='word_1_402' title='bbox 489 4415 613 4467; x_wconf 80' lang='lat' dir='ltr'><strong><em>babeant.</em></strong></span> 
     </span>
    </p>
   </div>
   <div class='ocr_carea' id='block_1_4' title="bbox 0 0 1476 4998">
    <p class='ocr_par' dir='ltr' id='par_1_4' title="bbox 0 0 1476 4998">
     <span class='ocr_line' id='line_1_47' title="bbox 0 0 1476 4998; baseline 0 0"><span class='ocrx_word' id='word_1_403' title='bbox 0 0 1476 4998; x_wconf 95' lang='lat' dir='ltr'><strong><em> </em></strong></span> 
     </span>
    </p>
   </div>
  </div>
 </body>
</html>
