2934 4998
143 430 331 485 CHRONICA
350 431 462 482 REGIA
482 430 734 483 COLONIENSIS.
754 431 857 483 CONT.
871 433 903 484 V·
923 433 956 484 A.
972 432 1050 483 1248.
1123 434 1180 484 293

52 600 137 664 citer
169 599 308 664 sedecim
341 599 381 664 de
413 597 550 663 cellariis
580 609 655 663 sunt
681 608 834 664 exnacta.
886 600 973 680 Quot
1000 611 1108 666 autem
1135 624 1177 666 ex

50 685 237 749 intrinsecis
253 683 481 762 occubuerunt,
503 682 545 747 ab
560 683 774 748 exterioribus
794 685 974 769 ignoratur,
997 684 1074 749 seda
1094 707 1177 749 unus

50 768 214 832 fratruml’
244 767 284 831 de
309 767 510 854 Gymenieh⁰
530 765 667 833 letaliter
686 767 883 833 vulneratur.
916 767 1064 854 Cumque
1086 791 1177 834 exer-

50 853 141 916 citus
163 851 249 936 regis
279 852 461 938 frequentes
492 851 538 914 sic
568 851 690 916 faceret
720 850 857 916 insultus
891 861 923 916 et
952 874 1010 937 per
1042 874 1181 938 magnas

50 936 221 1000 machinas
254 934 357 999 dictas
393 934 522 1001 ‘bliden'
557 933 680 1000 laides
717 944 974 1022 contorquerent,
1012 937 1176 1001 modicum

49 1020 291 1106 profeceruntd,
322 1019 399 1106 quia
420 1041 479 1106 per
501 957 659 1117 quasdam
679 1030 790 1104 portas
817 1041 882 1084 non
904 1019 1050 1084 obsessas
1073 1022 1181 1106 patuit

50 1107 205 1169 introitus
229 1113 260 1168 et
282 1105 386 1168 exitus
408 1102 653 1169 advementibus
681 1112 713 1168 et
734 1103 883 1168 obsessis.
926 1103 1022 1169 Unde
1045 1105 1175 1190 quidam

49 1189 216 1273 ingeniosi
249 1187 442 1252 inflexerunt
469 1196 659 1270 torrentem,
689 1191 747 1273 qui
775 1210 835 1273 pro
860 1211 878 1253 e
908 1189 1070 1253 civitatem
1099 1188 1176 1253 lam-

48 1272 183 1337 bend00
216 1270 377 1352 currebat,
414 1283 446 1336 et
474 1270 582 1336 multis
614 1273 792 1357 peregrinis
849 1295 866 1336 e
894 1271 1079 1356 Brabantia,
1116 1273 1180 1338 def

49 1355 209 1420 Flandria
235 1367 267 1420 et
293 1356 353 1420 de‘
375 1355 524 1420 Picardia
551 1376 644 1420 cruce
672 1357 807 1440 signatis
836 1357 1052 1422 indesinenter
1082 1357 1177 1423 colla·

48 1440 254 1522 borantibus,
276 1440 379 1504 factus
402 1448 452 1504 est
472 1462 573 1524 agger
593 1439 684 1504 fortis
707 1450 739 1504 et
752 1461 889 1538 magnus
904 1451 979 1504 ante
993 1441 1176 1506 inferiorem

48 1536 179 1624 partem
204 1525 353 1605 civitatis,
375 1524 601 1610 immissusque
624 1532 748 1588 torrens
764 1524 840 1589 fecrt
860 1524 1003 1610 amplum
1026 1535 1174 1611 stagnum

48 1618 137 1673 rnter
165 1618 270 1672 castra
298 1607 513 1672 obsidentium
542 1618 573 1672 et
602 1609 780 1691 civitatem,
804 1608 934 1673 domino
963 1610 1085 1693 legato,
1119 1612 1176 1696 qui

48 1692 175 1756 ibidem
196 1696 229 1756 in
245 1692 412 1757 obsidione
426 1691 539 1772 fuerat,
560 1690 684 1778 largam
699 1691 920 1756 laborantibus
942 1692 1174 1778 indulgentiam

51 1777 267 1842 condonante.
312 1777 465 1840 Excitata
487 1777 583 1841 etiam
605 1777 704 1842 verbo
731 1777 958 1862 predicationis
980 1799 1039 1863 per
1060 1779 1174 1843 fratres

48 1861 194 1925 Minores
216 1861 256 1925 de
274 1860 421 1945 partibus
435 1860 550 1943 Rheni,
565 1862 666 1943 Mose,
689 1859 729 1925 de
744 1859 917 1925 Hollandia
938 1871 969 1927 et
983 1861 1175 1947 potissime&

49 1944 91 2010 de
114 1943 263 2008 Phrisiah
291 1943 463 2009 multitudo
497 1946 630 2030 eopiosa
650 1943 795 2026 advenit3
829 1967 887 2030 per
916 1967 1011 2031 quam
1034 1944 1174 2010 multitu·

49 2028 170 2110 dinem,
193 2028 430 2093 Phrisionibusi
458 2028 578 2094 ibidem
610 2038 737 2093 strenue
764 2027 945 2114 agentibus,
980 2030 1093 2094 civitas
1115 2053 1175 2116 per

49 2114 223 2178 circuitum
259 2113 417 2177 artissime
454 2122 503 2177 est
537 2111 663 2177 vallata.
712 2112 808 2178 Unde
844 2124 920 2198 post
952 2136 1010 2178 sex
1046 2136 1172 2178 menses

48 2195 230 2262 obsidionis
246 2198 413 2263 interiores
427 2196 624 2279 vacillantes,
644 2198 808 2282 petierunt
822 2197 1017 2297 colloquium
1032 2197 1173 2262 Conradi

47 2281 309 2367 archiepiscopil
331 2278 541 2362 Coloniensis,
570 2282 626 2368 qui
653 2293 767 2366 potens
790 2292 822 2346 et
842 2303 1017 2367 precipuus
1045 2293 1113 2348 crat
1138 2283 1173 2345 in

47 2367 212 2448 exercitu3
241 2387 303 2451 quo
325 2365 486 2429 mediante
509 2388 542 2429 se
563 2366 633 2450 regi
655 2365 819 2448 dedentes,
841 2365 884 2430 ad
905 2367 1007 2452 ipsius
1035 2367 1170 2451 gratiam

47 2448 274 2514 admittuntur.
318 2449 431 2535 Itaque
463 2450 498 2513 in
528 2450 608 2514 festo
643 2451 785 2514 omnium
809 2459 991 2515 sanctorum
1022 2450 1270 2519 dominusmvn.

47 2533 245 2598 Wilhelmus
269 2532 388 2598 electus
417 2532 459 2598 ab
487 2533 730 2620 archiepiscopo
753 2534 939 2600 Coloniensi
967 2535 1112 2600 residens
1138 2537 1172 2599 in

48 2618 128 2682 sede
150 2619 241 2704 regia
262 2619 295 2680 in
309 2639 420 2702 regem
436 2628 650 2684 consecratur.
680 2620 759 2683 Post
772 2619 832 2685 hec
846 2618 971 2705 legatus
992 2618 1035 2683 ad
1050 2621 1172 2684 curiam

46 2724 137 2788 pape
151 2703 331 2783 revertitur,
353 2723 412 2765 rex
426 2725 502 2767 vero
520 2706 554 2766 in
570 2713 675 2766 castro
688 2703 841 2786 Werden‚
864 2704 951 2790 quod
966 2703 1048 2768 diu1‘
1064 2705 1172 2790 prius¹

48 2789 79 2850 ei
101 2787 265 2851 redditum
287 2786 400 2869 fuerat,
422 2788 584 2872 recipitur.
625 2814 628 2818 ·

135 2871 213 2956 lpso
242 2891 336 2952 anno,
369 2892 442 2933 cum
473 2870 647 2956 capitulum
678 2869 869 2935 Coloniense
901 2893 960 2957 pro
988 2873 1173 2936 omnimoda

48 2953 267 3020 destructione
289 2955 420 3018 maioris
442 2954 574 3019 ecclesie
596 2956 726 3040 antique
754 2963 785 3018 et
806 2956 1010 3038 reparatione
1031 2955 1172 3021 melioris

48 3049 209 3104 structure
221 3039 262 3103 de
273 3060 430 3103 consensu
444 3039 679 3126 archiepiscopi
690 3048 722 3103 et
733 3041 876 3125 priorum
893 3040 1141 3105 concordassent
1149 3051 1171 3123 ²,

47 3124 250 3209 festiniquem
262 3122 356 3188 valde
374 3125 518 3208 magistri
533 3125 639 3209 operis
655 3121 842 3188 orientalem
859 3133 985 3208 partem
1007 3146 1171 3187 murorum

48 3207 187 3272 ecclesie
215 3216 398 3289 cavassent,
437 3207 537 3271 nimio
573 3209 658 3292 ignis
688 3207 828 3270 fomento
858 3216 1033 3292 aggregata
1061 3207 1171 3291 ligna¹¹

48 3302 239 3356 cavaturam
255 3289 469 3355 suffirlcientia
491 3293 613 3356 incauti
635 3290 845 3372 succendunt,
868 3303 904 3356 ut
918 3290 1018 3355 moles
1034 3291 1172 3374 desuper

48 3385 138 3440 stans
168 3378 231 3441 cito
259 3385 374 3444 rueret,
420 3375 506 3440 seda
538 3377 622 3461 ignis
655 3375 852 3440 invalescens
881 3384 979 3440 vento
1009 3377 1171 3438 instantel’

47 3458 153 3523 illudt
186 3459 294 3524 nobile
322 3481 403 3545 opus
436 3458 580 3540 ecclesie,
616 3458 691 3523 licet
723 3461 902 3546 antiquum,
938 3480 1011 3522 cum
1044 3456 1171 3522 duabus

48 3544 177 3608 coronis
205 3543 387 3609 deauratisr
420 3545 504 3608 intus
534 3544 789 3630 dependentibus
817 3553 922 3629 preter
949 3542 1033 3607 solos
1061 3563 1170 3606 muros

47 3629 208 3714 parietum
230 3628 356 3714 penitus
380 3630 587 3714 consumpsit.
632 3627 754 3692 Verum
783 3626 893 3691 divina
914 3628 1017 3691 virtus
1041 3625 1169 3692 eviden-

48 3827 72 3878 s)
88 3837 170 3868 verum
186 3827 237 3866 Dr.
283 3825 306 3878 b)
324 3828 352 3867 dc
367 3827 479 3868 tratribus
494 3829 591 3868 {rutrum
607 3829 654 3868 Dl.
708 3827 729 3880 c)
746 3826 894 3868 Gimmsnich
909 3829 960 3867 Da.
1006 3823 1030 3878 d)
1045 3825 1103 3877 perf.
1119 3826 1169 3866 Da.

49 3884 71 3938 s)
85 3887 188 3927 labendo
204 3886 254 3926 Da.
315 3884 469 3937 fldeestDtl.
536 3885 559 3937 g)
575 3885 720 3937 potissimum
736 3887 784 3928 Da.
845 3885 869 3938 h)
885 3886 1026 3926 Frisium.
1087 3882 1103 3935 i)
1120 3885 1170 3925 Fri·

48 3946 145 3986 sonibus
161 3945 212 3984 Da.
288 3944 312 3996 k)
330 3945 380 3986 Col.
397 3957 417 3987 a.
434 3947 482 3987 Da.
558 3943 576 3997 l)
593 3950 647 3986 ante
662 3947 714 3990 M.
783 3941 815 3996 m)
832 3944 891 3986 testo
906 3946 953 3994 inq.
969 3944 1048 3993 magni
1064 3954 1101 3993 op.
1117 3943 1138 3982 D
1148 3944 1170 3987 2.

50 4003 74 4056 n)
92 4006 211 4054 lignorum
226 4003 274 4044 Da.
365 4003 388 4056 o)
405 4006 491 4048 Verum
508 4006 560 4044 Dr.
650 4003 675 4056 p)
692 4005 796 4045 destante
813 4004 866 4045 ΠΙ.
955 4003 980 4055 q)
996 4015 1019 4045 n.
1041 4002 1102 4042 illud
1117 4003 1168 4045 Μ.

48 4063 69 4116 r)
84 4065 162 4104 aureis
178 4065 229 4102 Da.

51 4212 79 4277 1)
97 4213 158 4264 Hoc
178 4213 256 4264 valde
275 4213 387 4264 dubiam
407 4222 460 4275 est,·
486 4214 519 4279 cf.
545 4212 694 4279 dipslomata
712 4211 839 4264 Wilhelmi
863 4210 940 4278 repis,
959 4212 1083 4274 aalma,
1103 4211 1168 4278 Bag.

54 4285 129 4338 With.
150 4287 176 4337 t.
197 4286 314 4338 36-46.
342 4285 369 4339 C.
426 4285 455 4351 2)
476 4285 516 4353 Of.
536 4294 625 4338 aotam
648 4305 674 4338 a.
696 4287 775 4348 1247,
795 4282 846 4340 SS.
865 4283 945 4346 XVI,
959 4302 991 4351 p.
1013 4283 1080 4335 rats
1101 4285 1169 4336 Cum

52 4359 83 4410 ds
105 4360 240 4411 communi
265 4361 377 4411 consilio
404 4359 546 4411 diffinitum
567 4367 647 4422 esset,
672 4365 702 4409 ut
720 4361 805 4408 maior
825 4357 943 4408 ecclesia
963 4361 997 4410 ds
1016 4373 1085 4408 novo
1106 4373 1168 4430 con-¹

50 4439 194 4486 strueretur
213 4439 269 4498 eta,
283 4440 307 4486 st
320 4449 387 4499 qaae
400 4432 484 4500 Περεῖ
493 4432 602 4497 monuit,
615 4429 867 4494 ‘Stddtecbrom'kem
882 4427 954 4482 Ooln'
967 4431 992 4495 I,
999 4449 1030 4498 p.
1043 4447 1089 4487 xc.
1102 4449 1130 4483 a.
1141 4432 1168 4480 3.
