2924 5006
319 419 371 470 196
407 417 596 472 cnaortlct
604 418 717 470 REGIA
728 417 981 472 COLONIENSIS.
1002 419 1106 486 GONT.
1117 421 1154 470 11.
1174 420 1208 472 A.
1221 418 1298 468 1219.
1310 415 1389 467 1220.

502 639 504 644 ,
552 586 647 652 Anno
671 586 831 650 dominice
852 585 1080 653 incarnationis
1104 587 1195 652 1219.

211 692 308 735 raam.
402 671 442 735 In
462 669 543 735 festo
565 672 667 736 sancti
680 669 832 735 Iohannis
847 668 985 754 baptiste
1000 671 1183 736 Fridericus
1203 693 1262 736 rex
1284 692 1424 734 coronam

318 765 350 821 et
369 753 515 818 lanceam
537 765 707 843 ceteraque
727 778 762 820 re
785 754 884 818 alium
907 766 1075 820 ornatuum
1096 755 1237 840 insignia
1250 757 1373 840 recepit
1391 753 1424 817 ab

317 839 472 904 Heimico
495 838 577 904 duce
600 839 750 920 Saxonis,
763 777 868 903 iratre
890 837 1018 904 Ottonis
1041 837 1203 924 quondam
1223 840 1269 902 im
1294 840 1426 918 oratoris,

317 923 401 988 datis
438 923 542 988 eidem
577 923 652 987 duci
680 923 831 988 undecim
860 944 1040 987 marcarum
1074 920 1215 987 milibus.
1298 923 1426 986 einricus

318 1009 404 1072 enim
425 1006 493 1071 dux
515 1009 622 1071 omnia
650 1029 713 1093 que
741 1007 847 1072 fratris
880 1015 970 1071 erant
1000 1006 1053 1072 vel
1085 1029 1147 1095 que
1176 1007 1239 1073 sibi
1265 1008 1338 1094 ipse
1360 1007 1426 1073 Otto

318 1101 392 1176 post
424 1092 579 1155 amissum
615 1090 786 1176 imperium
819 1090 1044 1178 undecumque
1081 1100 1334 1177 congregaverat
1366 1102 1428 1178 post

318 1189 453 1239 mortem
486 1174 590 1239 fratris
623 1175 686 1240 sibi
714 1185 933 1260 usurpaverat.
998 1174 1121 1240 Civitas
1149 1177 1344 1258 Damiata⁸‚
1373 1177 1427 1239 iam

318 1259 448 1324 biennio
469 1280 489 1322 a
511 1257 692 1326 christianis
720 1258 859 1342 obsessa,
891 1258 975 1324 fame
1004 1281 1042 1322 ac
1064 1261 1117 1323 siti
1145 1261 1296 1346 omnique
1318 1281 1427 1346 genere

318 1340 474 1407 bellorum
511 1341 751 1408 intolerabiliter
778 1345 971 1426 excruciata,
1008 1345 1093 1408 circa
1126 1343 1242 1408 festum
1273 1345 1426 1409 omniuml

222 1449 278 1492 aa.
288 1451 308 1490 1.
320 1436 503 1491 sanctorum
526 1449 564 1491 ca
588 1437 621 1491 ta
643 1438 701 1492 est.
1308 1461 1310 1464 ·

633 1533 651 1575 ο
673 1511 833 1576 dominice
854 1513 1079 1577 incarnationis
1103 1511 1195 1576 1220.

208 1609 308 1661 Arnas,
404 1594 499 1660 Circa
519 1594 637 1660 festum
660 1599 762 1660 sancti
781 1594 914 1682 Georgii
940 1598 1088 1681 martyris
1117 1597 1240 1661 orniam
1262 1594 1428 1661 celebravit

319 1679 407 1744 aud
427 1680 651 1744 Frankenvort
672 1680 854 1744 Fridericus
883 1703 942 1744 rex
970 1682 1010 1744 14
1042 1680 1166 1757 diebus,
1198 1679 1254 1745 ubi
1287 1679 1428 1766 pluribus

319 1701 467 1828 aiunatis
488 1762 701 1912 principibus,
723 1764 822 1829 multa
844 1764 884 1838 de
901 1773 986 1829 statu
1000 1774 1032 1828 et
1045 1764 1179 1830 utilitate
1193 1787 1228 1828 re
1274 1765 1282 1780 '
1300 1774 1429 1830 tractata

320 1857 410 1931 sunt3
441 1849 558 1912 iniusta
578 1859 592 1912 t
615 1847 727 1929 clonia,
755 1850 872 1914 iniuste
893 1858 1029 1930 monete,
1056 1848 1141 1915 bella
1162 1849 1224 1913 civ‘
1241 1851 1280 1931 'a,
1310 1851 1375 1915 nisi
1394 1848 1428 1913 de

320 1941 531 1998 consensuet
553 1931 686 1997 consilio
708 1934 793 2018 regis
815 1943 847 1998 et
867 1935 1061 2020 principum,
1085 1955 1259 2020 omnesque
1274 1933 1427 1999 iniustitia

320 2016 382 2080 sub
408 2015 528 2081 iudicio
556 2026 588 2081 et
613 2038 699 2101 pena
724 2019 789 2081 vite
816 2039 835 2080 a
862 2039 938 2103 rege
971 2027 1003 2082 et
1033 2019 1236 2104 principibus
1266 2017 1428 2084 interdicte

321 2109 426 2164 sunta
473 2099 525 2164 Ibi
546 2101 642 2166 etiam
663 2101 867 2165 Fridericus⁰
894 2148 1429 2172 ..................

319 2260 344 2314 a)
360 2263 462 2304 Domata
476 2263 523 2304 ΑΞ.
584 2263 608 2316 b)
626 2265 689 2305 omni
704 2264 750 2306 At.
793 2296 795 2301 .
812 2263 833 2314 c)
849 2267 882 2306 tta
897 2266 975 2306 &sinit
990 2265 1009 2304 A
1019 2268 1039 2313 2,
1055 2266 1138 2316 reliquo
1153 2265 1226 2316 spatio
1239 2267 1338 2316 popinae
1354 2273 1373 2308 et
1387 2267 1428 2307 rab·-

320 2323 370 2372 qut'a
383 2322 449 2372 solita
468 2329 564 2374 quotuor
578 2325 658 2364 cosan
673 2325 747 2364 vacuis
762 2325 848 2365 relictis.

324 2452 351 2519 1)
381 2453 421 2519 (aff.
447 2454 619 2523 privilegium
646 2456 676 2506 ia
696 2457 821 2523 favorem
844 2458 999 2522 principum
1028 2457 1275 2520 ecclesiasticorum,
1305 2456 1366 2510 LL.
1393 2457 1429 2519 ΙΙ,

319 2543 348 2592 p.
368 2527 440 2589 235,-
459 2529 505 2580 ccd
524 2529 593 2579 olias
613 2545 714 2595 qaoque
733 2531 798 2596 tapes
818 2538 880 2581 tuno
899 2531 977 2582 dotas
996 2531 1038 2582 vel
1055 2539 1199 2582 renovatas
1217 2547 1282 2594 case,
1304 2531 1347 2582 bic
1366 2533 1429 2583 aaa

322 2607 347 2652 et
366 2599 474 2654 Reineri
491 2601 609 2653 Annales
626 2620 655 2669 p.
675 2604 737 2656 678.
751 2601 878 2669 probant.
