2924 5006
121 398 439 452 curiosissimum
459 398 707 452 OOLONIENSIS.
728 399 892 452 conum.
910 399 1035 451 A.1201.
1093 400 1145 450 199

401 572 564 626 Becausio
585 573 609 625 I.
630 574 722 626 codd.
744 573 771 625 0.

110 659 176 723 Per
207 657 292 723 idem
323 667 450 744 tempus
477 659 621 742 Alexius,
651 669 741 745 patre
768 681 825 724 suo
853 661 955 724 eiecto
985 667 1016 723 et
1043 660 1144 722 incar-

34 753 143 824 cerato,
161 742 203 807 de
215 741 331 806 Gracia
352 742 486 827 fugiens,
509 745 595 808 venit
617 745 650 806 in
664 743 887 808 Alemanniam
902 743 944 806 ad
957 742 1143 828 Philippum

33 850 47 890 r
84 849 145 908 em,
168 827 325 891 sororium
347 849 449 910 suum,
473 836 504 892 et
525 827 571 892 ibi
592 850 651 914 per
672 827 793 915 aliquot
814 837 939 915 tempus
962 827 1146 892 demoratur

33 921 61 976 et
94 910 246 975 onorifice
268 920 431 976 tractatur.

108 994 236 1059 Eodem
256 1017 339 1059 anno
358 995 585 1060 Balduwinus³
600 1017 706 1062 comes
725 995 874 1060 Flandrie
889 1017 961 1059 cum
975 993 1074 1060 multo
1089 1017 1144 1082 ap·

33 1089 140 1165 paratu
154 1078 396 1144 lherosolimam
408 1080 518 1146 tendit.
540 1081 712 1145 Transiens
728 1090 835 1145 autem
845 1080 1025 1162 Franciam,
1040 1078 1143 1143 infini-

34 1172 90 1228 tam
105 1164 290 1248 pecuniam,
306 1185 402 1249 quam
417 1165 547 1250 quidam
563 1164 673 1247 Folco,
689 1166 744 1250 qui
764 1164 932 1229 dicebatur
951 1163 1144 1229 mirabilium

35 1257 198 1332 operator-1,
208 1247 249 1310 ad
261 1246 321 1310 hoc
328 1250 389 1312 iter
399 1259 658 1334 congregaverat,
668 1249 709 1313 ab
720 1249 791 1335 ipso
802 1249 953 1334 suscepit.
972 1248 1143 1313 Inveniens

35 1332 119 1394 etiam
130 1331 253 1396 ibidem
264 1331 465 1398 Bonifacium
477 1332 692 1400 marchionem
707 1332 746 1398 de
757 1332 991 1406 Monte-ferreo,
1002 1332 1145 1397 hortatur

36 1437 99 1480 eum
120 1437 217 1480 cruce
248 1417 367 1501 signari
389 1426 421 1481 et
449 1439 557 1482 secum
585 1417 755 1503 proficisci.
805 1417 870 1498 Qui
891 1417 975 1482 votis
999 1418 1067 1480 eius
1089 1438 1144 1478 an·

35 1521 124 1563 nuens
153 1510 187 1565 et
213 1521 273 1586 pro
288 1501 416 1565 nomine
430 1501 528 1566 lhesu
550 1522 675 1567 crucem
697 1501 759 1566 sibi
781 1501 924 1587 affigens,
946 1501 1065 1564 iturum
1088 1501 1143 1564 seb

36 1584 190 1669 promittit.
237 1583 378 1649 Consilio
395 1586 503 1672 itaque
518 1586 600 1649 inter
619 1607 673 1650 eos
688 1584 807 1667 habito,
829 1585 988 1670 quendam
1001 1582 1142 1650 nobilem

36 1668 129 1731 virum
151 1667 194 1732 ad
210 1665 413 1732 fabricandas
432 1691 530 1734 naves
553 1690 624 1734 cum
646 1671 782 1755 pecunia
796 1670 993 1754 premittunt.
1037 1669 1143 1749 Quem

36 1753 195 1850 prosecuti,
208 1753 398 1817 invenerunt
408 1776 482 1818 eum
493 1751 565 1840 plus
578 1775 674 1840 quam
687 1754 849 1838 octoginta
859 1753 947 1816 milia
959 1774 1141 1817 marcarum

36 1857 64 1898 111
76 1836 274 1901 extinctione
288 1838 419 1901 navium
435 1838 637 1923 expendisse.
667 1837 731 1903 Sed
747 1859 819 1900 cum
857 1846 965 1921 roptcr
1003 1858 1092 1900 acem
1106 1837 1147 1899 in

37 1921 246 1984 transmarinis
266 1922 411 2006 partibus
439 1923 522 1986 inter
544 1921 730 1987 christianos
753 1931 784 1985 et
805 1860 947 1986 ethnicos
969 1859 1087 1985 dictam
1110 1930 1142 1986 et

38 2001 182 2068 diutinam
205 2015 385 2070 ceterorum
407 2007 661 2092 expectationem
676 2005 878 2092 perlongum
893 2016 1019 2090 tempus
1035 2025 1141 2068 moras

38 2086 174 2170 lacerent,
199 2090 460 2176 consumptisque
484 2091 631 2156 omnibus
676 2114 716 2154 ue
738 2089 926 2171 extulerant,
948 2111 1041 2174 egere
1063 2088 1142 2152 inei-

39 2183 144 2255 perent,
171 2173 241 2238 dux
262 2174 503 2256 Vcneciarum²,
524 2176 574 2238 vir
594 2114 870 2261 prudentissimus,
900 2173 1028 2238 eosdem
1050 2172 1140 2253 adiit,

39 2253 162 2339 plurima
191 2279 326 2322 munera
353 2257 468 2344 optulit
497 2268 528 2323 et
554 2280 680 2324 omnem
706 2259 847 2344 inopiam
875 2256 1003 2323 illorum
1038 2256 1141 2321 suble-

17 2360 102 2424 ¹*rare
121 2342 279 2426 promisit,
308 2343 335 2405 si
357 2343 397 2406 ad
419 2344 667 2429 expugnandam
689 2342 851 2430 quandam
872 2343 1033 2407 civitatem
1054 2341 1141 2426 regis

17 2420 166 2508 ³ngarie
192 2428 324 2490 nomine
352 2427 517 2507 lazarim³,
555 2448 627 2490 cum
661 2448 697 2492 eo
728 2426 888 2513 proficisci
926 2425 1140 2511 disponerent.

17 2515 18 2592 J
41 2504 109 2570 Nam
130 2509 163 2570 in
186 2509 298 2574 eadem
321 2511 450 2575 civitate
477 2511 564 2576 idem
594 2511 661 2575 dux
689 2521 801 2596 captus
825 2522 856 2575 et
877 2519 1005 2575 cecatus
1027 2509 1140 2573 fuerat.

17 2589 82 2672 silli
106 2615 181 2658 vero
215 2594 460 2677 considerantes,
498 2594 560 2659 sihi
592 2597 762 2680 pecuniam
791 2595 943 2658 defecisse
979 2615 1038 2658 nac
1073 2595 1142 2658 sine

41 2676 150 2758 magnis
172 2678 354 2762 sumptibus
376 2701 471 2764 possa
493 2681 675 2826 procedere,
705 2701 765 2743 nec
787 2679 918 2744 honeste
939 2678 981 2742 ad
1003 2679 1141 2764 patriam

17 2761 20 2834 ξ
41 2757 138 2843 redire,
160 2763 385 2827 conmunicato
401 2765 491 2827 consi
504 2765 546 2846 io,
563 2787 637 2828 cum
651 2763 705 2828 illo
720 2763 865 2850 profecti,
888 2762 1049 2827 civitatem
1063 2784 1142 2826 mox

17 2867 18 2894 1
42 2845 259 2927 aggrediuntur
286 2855 318 2911 et
346 2858 542 2946 expugnant,
570 2859 788 2934 expugnatam
811 2856 965 2929 evertunt,
995 2847 1082 2910 cives
1108 2847 1141 2909 in

43 2945 85 2990 ore
97 2927 199 3074 gladii
214 2930 372 3012 occidunt,
395 2941 557 3016 ingentem
579 2933 712 3032 predam
733 2932 813 2997 inibi
827 2941 984 3016 repertam
1002 2931 1085 2994 iuter
1106 2952 1141 2994 se

44 3008 95 3072 divi
117 3022 171 3077 unt
193 3023 226 3079 et
248 3035 321 3078 cum
343 3017 493 3080 maximis
508 3015 617 3101 spoliis
632 3017 766 3080 nimium
780 3013 963 3101 locupletati
977 3015 1140 3079 recedunt.

17 3187 19 3202 ἶ
388 3131 553 3185 Recensio
573 3132 614 3184 ΙΙ.
634 3133 728 3185 codd.
748 3133 782 3184 Β.

113 3204 252 3255 Paridem
272 3211 376 3272 tempus
395 3207 505 3258 Alexius
526 3233 558 3244 -
580 3235 613 3244 -
633 3213 770 3260 tractatur.
790 3215 821 3256 ut
838 3203 964 3256 Receasr'o
983 3204 1008 3256 Ι.

17 3273 19 3360 i
112 3277 212 3328 Eodem
227 3295 296 3330 anno
310 3280 479 3332 Baldewinus
494 3296 582 3332 eomes
592 3281 736 3332 Flandriae
747 3297 805 3330 cum
816 3280 899 3330 multo
910 3285 1038 3345 apparatu
1048 3279 1140 3329 lhero-

45 3351 146 3406 solimam
155 3359 250 3408 tendit.
273 3346 476 3432 Veniensque
488 3347 528 3411 ad
539 3370 627 3412 mare
639 3369 713 3411 cum
723 3346 895 3411 Bonefacio
907 3345 1087 3410 marchione
1099 3347 1139 3410 de

17 3435 19 3514 ξ
46 3420 259 3511 Monte-ferreo,
272 3431 327 3517 qui
341 3432 371 3494 ei
385 3432 419 3494 in
432 3430 486 3495 via
501 3433 639 3496 sociatus
653 3431 770 3512 fiierat,
785 3431 958 3495 maximam
972 3430 1140 3514 pecuniam

17 3519 20 3584 1
46 3513 68 3562 in
93 3521 264 3571 exstructione
289 3523 396 3573 navium
422 3522 548 3574 ibidem
582 3523 732 3590 expendit.
792 3523 858 3574 Cum
885 3527 987 3571 autem
1015 3519 1071 3570 diu
1089 3521 1139 3571 ibi

48 3599 339 3660 narrenturpropter
358 3596 616 3648 adventantium
636 3597 899 3663 peregrinorum
920 3596 1137 3660 expectacionem

17 3677 18 3712 ἱ
48 3665 181 3730 etpropter
205 3668 317 3718 datam
338 3685 432 3735 pacem
451 3672 478 3719 in
497 3672 678 3722 transmarinis
697 3670 817 3735 partibus
842 3671 911 3718 inter
936 3669 1092 3718 christianos
1112 3673 1139 3718 et

50 3739 156 3809 ethnicos,
189 3735 368 3820 cotidieque
404 3738 541 3821 pecunia
573 3736 751 3818 deficiente,
781 3765 859 3814 egere
891 3749 1047 3812 inciperent,
1085 3747 1139 3797 dux

17 3835 18 3892 }
49 3813 202 3874 Veneoiamm
224 3826 332 3876 eosdem
351 3826 428 3890 adiit,
453 3828 566 3893 plurima
585 3843 694 3878 munera
713 3828 809 3893 optulit
828 3832 859 3876 et
878 3825 912 3876 ad
933 3825 1138 3891 expugnandam

17 3907 18 3940 ³
50 3899 160 3957 quandam
182 3894 318 3956 civitatem
339 3908 410 3972 regis
431 3908 549 3973 Ungan'e
571 3909 675 3975 nomine
699 3904 874 3969 Sadrami,
901 3891 957 3956 ubi
977 3891 1064 3954 idem
1087 3912 1138 3956 ee·

17 4015 18 4024 1
51 3975 121 4034 laius
139 3973 248 4058 fuerat,
269 3991 448 4040 invitavit.
493 3993 555 4054 Qui
576 3992 796 4042 necessitate
818 3990 932 4054 inopie
956 3988 1136 4053 compulsi,

17 4047 18 4140 l
51 4069 107 4109 nox
124 4079 179 4114 cum
196 4066 243 4118 illo
261 4068 383 4133 profecti,
404 4069 537 4120 civitatem
558 4069 748 4135 aggrediuntur
767 4075 794 4120 et
817 4073 978 4134 expugnant,
1001 4067 1138 4131 ingentem

52 4131 140 4192 predam
151 4139 215 4190 inibi
227 4147 359 4207 repertam
372 4145 441 4192 iuter
456 4159 485 4193 se
500 4143 630 4204 dividunt,
650 4149 676 4193 et
701 4159 760 4193 cum
777 4143 897 4192 maximis
916 4140 1009 4206 spoliis
1028 4142 1139 4192 nimium

17 4333 18 4336 Ἰ
53 4272 70 4323 ⁸)
81 4278 199 4325 baldwinus
216 4287 256 4329 02.
316 4287 411 4341 1))011011
428 4286 470 4329 01.

57 4401 77 4469 ¹)
95 4409 118 4462 V·
134 4431 211 4482 supro
224 4437 254 4486 p.
276 4422 336 4472 173.
412 4419 441 4487 2)
461 4419 603 4474 Heinricus
623 4421 757 4475 Dandolo.
833 4417 862 4486 3)
883 4418 992 4484 ludera,
1013 4417 1096 4472 Zara.
