2924 5006
319 399 375 450 214
422 400 609 453 CHRONIOA
629 401 742 452 REGIA
762 400 1014 454 COLONIENSIS.
1036 401 1140 454 OONT.
1153 402 1205 455 111.
1229 403 1263 455 A.
1280 401 1357 452 1203.

719 574 883 627 Recensio
903 573 929 625 1.
950 583 981 625 et
999 575 1042 626 ΙΙ.

241 658 423 726 1sai.stolo⁸
445 683 551 747 repam
574 660 792 743 honorificari
813 662 905 746 eique
927 661 1054 725 obediri
1076 664 1174 748 quasi
1187 661 1428 748 precellentis

170 745 514 830 ns.1s,ss.euaanpelio
539 748 776 826 annunciante,
800 745 887 832 quod
906 746 1070 831 paudium
1085 755 1233 811 nostrum
1249 768 1343 810 nemo
1363 745 1429 810 tollet

321 854 343 893 a
364 830 469 910 nobis,
492 853 565 895 cum
586 833 623 894 in
648 833 715 895 enti
737 832 857 894 bonore
880 852 919 893 ac
942 831 1102 916 tripudia,
1134 831 1244 896 morab
1268 834 1365 895 etiam
1383 853 1427 893 suo

321 937 366 1000 ap
392 912 603 979 laudantibus
651 916 744 996 recis,
768 915 813 978 ad
829 914 982 978 bonorem
999 915 1065 976 Dei
1079 924 1107 978 et
1122 925 1261 980 sanctae
1277 915 1429 979 Romanae

320 1022 371 1063 ecc
402 1002 470 1062 siae
483 1021 521 1062 ac
533 1000 792 1063 subventionem⁶
805 999 925 1062 Terrae
938 997 1081 1062 Sanctae
1092 1000 1232 1085 ploriose
1245 1008 1430 1078 coronatum,

321 1083 367 1146 ad
388 1085 522 1168 imperii
558 1086 682 1169 astipia
693 1083 764 1148 Deo
786 1092 816 1147 et
830 1083 1015 1146 bominibus
1031 1083 1186 1147 amabiles
1198 1093 1320 1168 patres
1334 1103 1429 1146 muno·

320 1169 390 1230 rati
412 1169 513 1252 ponti
537 1191 586 1232 ces
613 1191 686 1231 cum
707 1169 935 1230 uniuersorum
957 1165 1128 1252 applausu
1149 1177 1178 1230 et
1195 1169 1277 1253 piis
1300 1165 1428 1229 lacrimis

321 1251 550 1315 sublimarunt.
583 1250 735 1316 Aderant
756 1251 883 1316 incolae
896 1252 1016 1315 Terrae
1029 1249 1183 1333 Sanctae,
1205 1250 1430 1316 ecclesiasticae

321 1335 542 1419 militaresque
570 1358 751 1419 personae,
787 1358 926 1420 quoram
948 1357 1012 1418 pre
1039 1336 1187 1400 omnibus
1214 1333 1430 1400 inestimabilis

322 1427 393 1481 erat
432 1427 462 1480 et
492 1420 743 1505 pratulabunda
774 1419 894 1500 leticia,
933 1419 1172 1506 enbibitumque
1204 1421 1281 1483 Deo
1316 1420 1429 1504 pretias

322 1501 507 1587 obsequium
534 1503 731 1584 asserebant,
760 1503 881 1588 quam(¹
909 1505 939 1566 si
967 1505 1085 1568 civitas
1106 1513 1223 1568 sancta
1254 1502 1430 1567 christianis

322 1596 401 1650 esset
433 1585 573 1651 cultibus
605 1591 772 1667 restituta,
809 1611 882 1652 cum
916 1588 961 1651 ad
994 1588 1220 1672 confusionem
1249 1595 1431 1673 perpetuam

321 1672 531 1736 inimicorum
546 1676 664 1754 crucis,
687 1681 821 1736 sanctae
836 1672 1008 1737 Romanae
1025 1671 1188 1755 ecclesiae,
1210 1682 1324 1736 terrae
1339 1670 1431 1734 Ibero·

321 1754 529 1820 solimitanae
551 1779 617 1821 sese
638 1760 734 1843 repia
756 1756 873 1820 ciuitas
894 1756 1070 1837 devoveret,
1093 1779 1176 1840 quae
1198 1767 1267 1820 tam
1290 1756 1360 1834 diu,
1380 1762 1432 1816 tan

317 1847 468 1923 potenter·
499 1841 696 1906 adversaria
732 1842 816 1903 stetit
852 1849 881 1905 et
913 1839 1118 1905 contradicit
1146 1844 1290 1925 utrique.
1341 1837 1432 1916 [Here

322 1932 367 1986 est
396 1925 491 2005 enim,
514 1948 608 2011 quae,
633 1949 648 1989 s
674 1923 867 1990 urcissimo‘
892 1925 1063 2011 pentilium
1091 1927 1160 1989 ritu
1191 1947 1259 2009 pro
1285 1923 1431 2008 fraterna

322 2010 472 2071 societate
488 1949 710 2093 sanpninibus
725 2007 887 2073 alternisss
908 2008 1043 2090 ebibitis,
1066 2032 1139 2073 cum
1154 2009 1347 2092 infidelibus
1362 2025 1431 2068 ausa

322 2100 368 2154 est
389 2093 500 2175 sepius
516 2095 687 2158 amicicias
700 2092 841 2175 firmare
856 2091 995 2176 ferales,
1018 2101 1047 2157 et
1068 2094 1193 2158 eosdem
1214 2090 1366 2157 mamilla
1385 2088 1432 2151 diu

321 2174 458 2239 lactavit
478 2176 645 2241 uberrima
667 2187 696 2241 et
717 2176 833 2240 ontulit
853 2179 890 2240 in
912 2178 1100 2261 superbiam
1123 2177 1321 2258 seculorum,
1344 2193 1431 2249 arma,

323 2281 424 2322 naues
454 2268 482 2321 et
511 2261 671 2325 victualia
700 2261 931 2325 ministrando.
978 2259 1074 2334 Quod
1095 2285 1111 2326 e
1133 2263 1307 2326 contrario
1321 2259 1433 2344 fecerat

317 2345 519 2428 pereprinis,
556 2347 664 2430 mapis
693 2346 823 2409 edocere
855 2344 1029 2428 sufficiunt
1061 2348 1099 2410 in
1132 2346 1221 2410 omni
1253 2345 1433 2435 Latinorum

322 2436 415 2512 pente
437 2426 584 2512 eoeempla
607 2452 704 2514 quam
725 2429 833 2493 uerba.
866 2429 934 2492 Hec
957 2439 1011 2510 est,
1035 2434 1177 2514 quaein
1200 2431 1314 2494 odium
1336 2445 1432 2491 summi

319 2511 508 2596 pontific-is,
538 2514 759 2596 apostolorum
774 2515 947 2599 principis
975 2515 1113 2578 nomen11
1141 2515 1261 2579 audire
1281 2516 1340 2578 vin
1383 2517 1431 2572 ote·

323 2603 391 2675 rat,
422 2617 480 2659 nec
510 2618 613 2660 unum
646 2598 749 2661 eidem
781 2601 867 2660 inter
896 2595 1017 2661 Grecos
1045 2598 1214 2663 ecclesiam
1246 2621 1343 2663 conce
1380 2593 1430 2668 bat,

325 2680 384 2762 qui
415 2682 559 2743 omnium
588 2681 794 2746 ecclesiarum
826 2683 953 2765 accepit
982 2681 1023 2745 ab
1053 2685 1127 2766 ipso
1149 2682 1296 2747 Domino
1318 2676 1429 2765 prinei·

319 2770 450 2907 patum,
472 2771 511 2845 et,
534 2765 618 2828 sieut
639 2788 750 2832 eorum
772 2765 885 2829 recolit
901 2788 1014 2829 recens
1033 2768 1189 2831 memoria
1210 2769 1271 2852 qui
1285 2766 1430 2836 uiderant,

337 2855 468 2930 spatum
491 2849 705 2930 apostolicum
732 2859 831 2913 morte
859 2860 925 2913 tam
950 2852 1146 2934 turpissima
1173 2849 1377 2937 dampnavit,
1404 2849 1431 2904 tl

319 2951 384 3014 pro
409 2931 582 3013 apostolici
603 2932 756 2998 culminis
775 2937 958 2998 reuerentia
980 2956 1037 2998 nec
1059 2936 1168 3018 ipsam
1184 2937 1354 3020 papinum
1367 2949 1428 3014 prt-

324 3021 443 3077 sentem
464 3018 684 3082 sustineamus
705 3020 818 3082 mortis
840 3017 931 3082 illius
953 3018 1178 3084 recordatione
1197 3019 1354 3104 polluere,
1374 3032 1430 3076 cum

322 3121 380 3160 rzec
394 3100 482 3161 inter
496 3110 655 3187 martyres
669 3101 800 3187 iepatur
818 3101 903 3165 ulla*
919 3102 1108 3185 consimilis,
1130 3103 1203 3168 licet
1242 3125 1324 3169 enas
1339 3115 1429 3164 eoruu

322 3182 530 3247 incredibiles
552 3185 714 3249 inuenerit
734 3187 932 3271 inpeniosak
954 3186 1143 3250 crudelitas.
1204 3210 1257 3252 ec
1280 3195 1335 3267 est,
1363 3199 1430 3266 qual

326 3265 491 3337 Christum
520 3268 599 3332 solis
629 3269 792 3334 didicerat
821 3271 985 3334 bonorare
1004 3271 1163 3354 picturis,
1193 3281 1222 3334 et
1247 3275 1336 3336 inter
1361 3267 1430 3329 silut

324 3348 499 3433 offundas,
532 3353 626 3437 quos¹
657 3354 722 3417 sibi
751 3377 766 3417 s
791 3362 863 3417 reta
890 3355 1134 3436 scripturarum
1157 3359 1350 3420 auctoritate
1370 3368 1428 3413 con·

316 3434 476 3516 flnnerat,
495 3434 689 3519 plerumque
710 3447 740 3501 et
762 3377 896 3500 liraacri
922 3437 1111 3502 salutarism
1136 3438 1255 3522 facere
1279 3451 1428 3525 presumt-

323 3517 401 3580 bant
421 3519 579 3583 instando
600 3520 776 3586 iacturam.
820 3522 888 3585 Hec
910 3531 965 3601 est,
989 3544 1072 3606 quae
1087 3522 1226 3587 Latinos
1247 3544 1355 3588 omnes
1375 3534 1427 3580 nos

325 3601 491 3666 bominum
513 3605 643 3668 nomine
665 3605 881 3690 dipnabatur,
909 3606 965 3670 sed
988 3629 1117 3688 canum,
1146 3630 1284 3692 quorum
1306 3598 1427 3695 sanpul·

324 3708 395 3748 nem
418 3683 581 3770 effundam
598 3710 683 3771 pene
704 3691 791 3753 inter
811 3691 930 3753 merita
949 3691 1159 3773 reputabant,
1182 3715 1239 3755 nec
1262 3690 1332 3755 ulla
1347 3704 1427 3773 pem·

321 3770 442 3833 tentiae
471 3770 697 3855 satisfactione
723 3774 911 3857 pensabant
931 3773 1013 3837 laici
1033 3775 1195 3857 monachi,
1222 3798 1324 3860 penes
1352 3785 1426 3858 quos,

323 3853 546 3916 sacerdotibus
568 3858 696 3938 spretis,
719 3866 786 3920 tota
809 3856 943 3942 lipandi
965 3867 1061 3942 atque
1082 3858 1229 3923 solvendi
1251 3852 1427 3923 consistebat

323 3939 516 4001 auctoritas.
560 3939 627 4003 Hes
650 3950 679 4002 et
701 3942 890 4005 huiusmodi
911 3941 1136 4024 deliramenta,
1153 3966 1236 4029 quae
1257 3934 1426 4028 epistolaris

323 4019 490 4100 suplicare
512 4043 579 4084 non
602 4021 687 4087 ualet
709 4027 879 4109 anpustia,
909 4023 1048 4109 impletis
1069 4027 1300 4112 iniquitatibus
1323 4039 1424 4094 eorum,

324 4123 407 4186 quae
442 4107 552 4187 ipsum
573 4105 753 4172 Dominum
786 4110 832 4172 ad
867 4130 1027 4173 nauseam
1044 4111 1300 4193 provocabantJ,
1324 4106 1422 4175 diuina

323 4235 347 4288 ι)
363 4237 418 4276 amr
435 4239 460 4279 B.
536 4239 560 4291 b)
576 4241 632 4280 deest
648 4241 689 4282 Οἳ.
766 4241 788 4295 c)
804 4243 956 4284 subventione
980 4245 1053 4284 Um.
1128 4244 1151 4293 d)
1167 4247 1204 4295 ᾳῑι
1227 4243 1354 4298 (quoniam)
1374 4234 1423 4280 Μ·

323 4295 346 4346 e)
362 4297 413 4335 naec
427 4297 503 4337 desum
519 4299 545 4345 B,
560 4300 599 4349 qur·
611 4301 695 4350 paruit:
715 4302 823 4352 Denique
840 4304 920 4343 divina
934 4304 950 4343 i.
1003 4303 1195 4354 Ospurcimimis
1211 4305 1254 4346 01.
1264 4307 1285 4346 ².
1349 4297 1424 4351 ΜΝ·

323 4353 431 4394 rinnel?
462 4354 548 4407 metesa
559 4360 619 4398 codd.
627 4360 715 4410 mnu.
726 4361 750 4398 P.
781 4360 948 4412 i)u11001.2.
981 4361 1006 4413 k)
1016 4352 1425 4415 ingeminum013ingen1mios202·

323 4411 341 4464 1)
357 4413 413 4453 deest
428 4413 472 4458 02.
531 4415 563 4467 m)
579 4418 718 4467 plerumque
734 4420 811 4460 iterum
826 4421 877 4463 add.
894 4421 938 4461 01.
950 4422 970 4465 2.
