2944 5002
153 407 303 460 OLIVERI
321 407 479 459 RELATIO
499 407 549 457 DE
569 406 816 458 EXPEDITIONE
836 407 1049 460 DAMIATINA.
1124 409 1177 458 331

52 583 178 636 evadere
203 589 353 650 potuerunt.
398 583 475 634 Sicut
500 582 571 632 enim
596 581 660 632 olim
686 582 797 648 Egyptii
821 584 849 632 in
873 583 949 648 aquis
974 585 1177 636 vehementibus
1189 607 1253 647 tera.

50 659 141 709 maris
161 658 246 708 Rubri
264 658 303 707 sic
324 657 351 706 in
369 656 431 706 Nilo
451 655 583 706 submersi
601 661 663 707 sunt
687 657 794 706 circiter
817 655 853 706 ad
877 657 951 706 mille
971 659 1176 723 quingentorum

50 747 208 795 nnmerum,
234 731 304 781 sicut
322 747 339 780 a
358 730 513 781 Sarracenis
539 735 634 796 postea
660 729 812 781 didicimus.
852 729 923 780 Sane
948 731 976 780 in
1000 731 1069 783 festo
1089 734 1177 782 sancti

50 805 207 866 Demetrii,
239 806 286 868 qui
311 804 393 853 frater
420 803 540 853 uterinus
569 802 642 853 beati
670 803 795 868 Dyonisii
819 802 901 854 fuisse
931 803 1041 868 dicitur,
1073 821 1175 857 summo
1188 821 1231 864 οη,
1241 823 1277 866 sc,

53 877 181 929 diluculo
200 876 530 943 castraHospitaliornm³
549 877 704 927 invaserunt
723 877 813 927 hostes
833 883 860 926 et
878 877 1012 928 modicum
1033 878 1177 945 dampnum

52 953 139 1003 nobis
159 952 312 1013 inferentes,
336 967 384 1017 per
400 949 539 1017 expeditos
566 951 670 1015 equites
689 955 793 1000 nostros
812 950 900 1014 fugati
925 951 1040 1001 suntad
1059 959 1177 1018 pontem,

54 1041 143 1091 quem
175 1025 267 1092 procul
296 1039 313 1075 a
337 1024 414 1074 nobis
446 1026 472 1074 in
502 1024 634 1089 superiori
664 1030 740 1089 parte
769 1023 882 1076 fluminis
909 1032 1117 1087 construxerant,
1151 1033 1178 1078 et

54 1098 164 1149 ibidem
183 1099 336 1165 interempti
355 1103 418 1149 sunt
443 1097 477 1147 ad
501 1113 638 1148 numerum
665 1099 877 1162 quingentorum,
902 1098 973 1148 sicut
997 1114 1015 1149 a
1032 1100 1177 1166 transfugis

53 1172 254 1223 intelleximus.

136 1248 161 1297 7.
180 1248 273 1306 Porro,
299 1247 363 1311 quia
389 1236 485 1295 multih
507 1243 541 1293 de
572 1243 672 1310 populo
699 1245 844 1295 christiano
866 1243 1026 1311 placuerunt
1050 1247 1177 1311 Domino,

53 1335 174 1371 necesse
192 1320 251 1378 init,
271 1325 300 1369 ut
319 1319 459 1385 temptatio
478 1318 604 1384 probaret
617 1333 672 1368 eos.
710 1319 791 1368 Ionas
806 1334 854 1384 pro
868 1321 993 1383 augustia
1009 1323 1178 1387 tempestatis

52 1394 88 1442 in
107 1409 181 1443 mare
207 1395 302 1444 missus
329 1399 356 1443 et
374 1398 466 1442 ventre
490 1392 574 1456 piscis
594 1389 735 1442 conclusus
754 1391 881 1458 probatus
901 1393 982 1443 rediit
1007 1393 1041 1443 ad
1062 1394 1177 1456 aridam3

54 1465 198 1533 apostolus
217 1465 317 1533 triplici
336 1466 475 1530 naufragio
494 1464 634 1516 tribulatus
654 1467 753 1516 evasit:
773 1466 887 1532 populus
906 1466 1025 1529 Domini,
1049 1469 1177 1534 premisso

55 1541 187 1591 triduano
207 1541 316 1604 ieiunio,
343 1539 415 1605 quod
435 1538 521 1589 clerus
547 1540 575 1588 in
601 1554 669 1604 pane
690 1545 716 1589 et
735 1554 807 1605 aqua
826 1542 943 1590 servavit
962 1540 1131 1605 obedienter,
1152 1547 1179 1593 et

54 1614 153 1665 multis
172 1614 387 1680 processionibus
407 1612 546 1672 ordinetis,
565 1611 582 1661 rt
600 1613 750 1663 venerabili
770 1613 878 1664 domino
897 1613 1010 1679 Pelagio
1029 1614 1179 1667 Albanensi

56 1688 199 1754 episcopo,
229 1686 376 1754 apostolice
404 1686 477 1737 sedis
501 1685 603 1750 legato,
630 1687 757 1753 temptari
785 1688 891 1736 meruit.
929 1687 997 1737 Nam
1027 1690 1054 1738 in
1083 1689 1179 1754 vigilia

54 1762 149 1813 sancti
158 1761 284 1813 Andreae
299 1761 414 1827 apostoli
426 1759 516 1810 media
534 1766 614 1810 nocte
627 1761 809 1810 intumuerunt
821 1761 917 1811 ductus
931 1762 1011 1811 maris
1025 1768 1177 1814 crescentes
1187 1765 1242 1809 Noe.
1251 1767 1285 1810 ne.

57 1840 89 1885 et
110 1849 249 1886 excursum
269 1833 414 1885 terribilem
435 1833 565 1884 facientes
583 1832 717 1899 usquead
734 1833 964 1894 castralidelium,
984 1834 1019 1885 ab
1033 1835 1088 1885 alia
1102 1841 1177 1901 parte

55 1909 176 1959 fluviuse
195 1908 327 1958 inundans
347 1924 395 1958 nos
414 1908 558 1973 occupavit
576 1909 707 1958 incautos.
744 1907 880 1957 Natahant
898 1911 1021 1970 tentoria,
1040 1911 1178 1975 perierunt

56 1982 174 2044 cibaria,
199 1983 287 2048 pisces
306 1981 428 2032 fluviales
454 1985 481 2031 et
504 1982 600 2030 marini
626 1997 656 2030 se
682 1982 760 2046 qnasi
785 1981 868 2030 nichil
893 1982 1018 2032 timentes
1045 1983 1177 2035 cubiculis

54 2056 228 2121 ingerebant,
249 2071 315 2121 quos
335 2055 457 2105 manibus
476 2055 573 2105 nostris
592 2055 721 2120 cepimus,
741 2054 838 2120 quibus
853 2060 943 2105 tamen
957 2055 1063 2106 deliciis
1084 2072 1176 2108 carere

55 2129 202 2186 voluimus,
229 2135 256 2179 et
279 2130 332 2179 nisi
350 2127 461 2179 consilio
482 2128 594 2194 Spiritus
614 2129 709 2179 Sancti
728 2133 789 2178 ante
809 2129 943 2194 provisum
962 2129 1057 2180 fuisset
1074 2131 1103 2180 in
1122 2131 1175 2181 fos·

54 2209 129 2267 sato,
149 2202 220 2269 quod
239 2204 377 2253 tamenin
396 2202 463 2252 alios
475 2217 539 2252 usus
558 2201 658 2252 tactum
677 2201 772 2263 fuerat,
792 2217 865 2251 mare
885 2204 1055 2253 coniunctum
1074 2203 1177 2254 flumini

56 2277 182 2328 homines
203 2293 262 2326 cum
282 2277 416 2339 iumentis,
441 2291 524 2326 naves
547 2291 607 2326 cum
634 2277 714 2326 armis
734 2283 761 2325 et
779 2275 940 2325 victualibus
960 2277 1122 2328 detraxisset
1140 2277 1176 2328 ad

56 2350 160 2412 hostes,
189 2366 240 2400 nec
259 2355 349 2400 tamen
372 2351 424 2400 hoc
449 2348 596 2415 pericnlum
622 2355 765 2399 evaserunt
789 2354 902 2414 quatuor
927 2365 1068 2411 saccones,
1096 2367 1177 2417 super

57 2439 128 2489 qnos
149 2423 276 2474 edificata
293 2424 401 2474 fuerunt
419 2421 624 2488 propugnacula
649 2421 685 2472 ad
705 2422 864 2489 capiendam
885 2425 1030 2484 civitatem,
1057 2426 1102 2490 qui
1121 2440 1175 2476 uuo

58 2497 164 2563 impetu
184 2513 244 2547 cum
264 2499 357 2563 quinta
376 2499 447 2558 navi,
473 2499 614 2562 quainter
639 2511 685 2547 eos
709 2496 829 2557 herebat,
855 2497 890 2545 ad
916 2498 1065 2562 oppositam
1091 2499 1176 2564 ripam

57 2571 87 2620 vi
106 2578 245 2621 ventorum
265 2572 427 2637 precipitati,
446 2577 508 2620 aute
528 2569 621 2620 oculos
641 2575 745 2620 nostros
764 2577 826 2621 sunt
844 2572 907 2634 igne
928 2571 1014 2621 Greco
1035 2572 1176 2623 combusti.

58 2645 186 2710 Pepercit
198 2644 330 2694 Dominus
350 2643 475 2710 operibns
494 2637 664 2694 Fresonnnrt¹
684 2649 711 2693 et
729 2644 962 2706 Theutonicorum‚
982 2645 1078 2710 quibus
1096 2648 1176 2697 turris

60 2724 142 2783 capta
166 2717 266 2780 fuerat3
299 2734 381 2768 naves
409 2719 563 2779 onerariae,
595 2733 647 2782 qne
675 2718 703 2767 in
732 2723 809 2782 portu
838 2719 917 2768 maris
945 2719 1061 2780 stabant,
1092 2721 1176 2784 ruptis

59 2796 173 2858 repente
196 2792 302 2842 funibus
326 2793 469 2858 perierunt.
506 2792 621 2841 Duravit
645 2791 696 2840 hec
721 2796 868 2855 tempestas
898 2807 946 2855 per
971 2791 1088 2843 triduum
1113 2809 1176 2843 con·

58 2867 173 2916 tionum.
211 2866 269 2926 Quo
290 2865 390 2931 elapso,
410 2865 550 2927 Dominus,
576 2866 622 2929 qui
642 2862 796 2914 consolatus
820 2870 862 2914 est
886 2881 934 2914 nos
957 2865 986 2914 in
1004 2867 1176 2917 tribulatione

58 2945 162 3001 nostra,
188 2939 330 3004 imperavit
347 2940 433 2989 ventis
459 2944 487 2988 et
511 2939 607 2998 marie,
632 2942 703 2987 stare
728 2936 831 2987 faciens
850 2939 936 3002 ipsum
957 2953 973 2986 a
991 2939 1095 2990 fervore
1118 2956 1176 2991 sno.

57 3012 165 3062 Invasit
183 3019 306 3077 preterea
325 3012 422 3063 multos
442 3011 476 3061 de
496 3012 614 3061 exercitu
634 3010 749 3075 quedam
762 3012 854 3076 pestis,
875 3017 967 3061 contra
987 3028 1066 3077 quam
1078 3013 1177 3078 phisici

56 3084 161 3136 nullam
182 3101 215 3135 ex
233 3092 289 3136 arte
309 3102 358 3136 sua
373 3084 505 3135 medelam
524 3085 644 3134 invenire
659 3089 788 3149 poterant.
826 3082 911 3134 Dolor
923 3087 1077 3150 repentinus
1093 3087 1176 3152 pedes

56 3159 160 3209 invasit
183 3165 210 3208 et
236 3153 340 3222 cruraf,
367 3166 393 3209 ct
420 3159 581 3208 coniunctim
609 3172 671 3207 caro
698 3162 822 3222 corrupta
841 3159 1003 3222 gimgyvast
1029 3163 1056 3208 et
1082 3159 1176 3211 dentes

58 3231 182 3292 obduxit,
196 3232 357 3283 masticandi
373 3232 495 3282 auferens
507 3231 662 3298 potentiam.
693 3230 785 3280 Tibiae
802 3246 908 3296 quoque
923 3230 1050 3282 terribilis
1064 3232 1176 3297 nigredo

57 3305 185 3356 fuscavit.
223 3307 258 3356 Et
270 3308 310 3357 sic
320 3305 401 3370 longo
418 3313 506 3356 tractu
520 3304 619 3354 doloris
633 3303 735 3366 afflicti,
754 3303 861 3370 plurimi
876 3320 935 3354 cum
950 3304 1034 3355 multa
1046 3307 1177 3372 patientia

58 3381 244 3444 migraverunt
262 3379 296 3429 ad
317 3381 469 3430 Dominum.
509 3377 624 3440 Quidam
650 3384 738 3428 autem
764 3393 849 3443 usqne
874 3376 908 3426 ad
934 3383 1039 3444 tempus
1065 3379 1175 3431 vernale

58 3453 197 3514 durantes,
217 3452 343 3504 benefitio
364 3452 460 3504 caloris
479 3451 586 3502 liberati
605 3457 754 3502 evaserunt.

135 3526 161 3576 8.
181 3527 245 3577 Post
257 3527 356 3577 dictam
369 3531 556 3592 tempestatem
570 3541 653 3575 naves
665 3525 829 3590 parabantur
842 3524 876 3574 ad
892 3525 1034 3575 transitum
1045 3525 1174 3590 fluminis;

59 3615 113 3667 qne
134 3616 193 3651 cum
212 3616 309 3665 magno
327 3599 447 3666 periculo
465 3615 568 3650 sursum
588 3597 774 3657 ascendentes,
793 3599 863 3648 inter
882 3598 1018 3649 civitatem
1038 3605 1065 3649 et
1077 3605 1176 3650 turrem

59 3679 168 3739 captam
187 3675 318 3724 machinis
338 3679 364 3724 et
385 3675 448 3738 igne
469 3673 556 3724 Greco
582 3688 642 3722 cum
670 3671 766 3722 iaculis
791 3671 933 3737 plurimum
958 3677 1020 3723 sunt
1043 3672 1174 3738 inpedite.

57 3746 139 3798 Unde
163 3747 272 3809 accidit,
298 3753 327 3797 ut
352 3763 405 3798 nna
428 3748 505 3797 navis
524 3746 744 3812 Templariorum,
772 3746 800 3796 vi
825 3747 952 3796 torrentis
976 3752 1060 3812 rapta,
1092 3762 1174 3813 prope

58 3823 145 3888 ripam
165 3822 281 3871 civitatis
300 3822 504 3888 precipitaretur
529 3819 564 3870 ad
582 3821 683 3870 hostes.
721 3819 773 3880 Qui
798 3833 857 3869 cnm
884 3813 1025 3869 barbatish
1049 3825 1076 3869 et
1099 3821 1175 3871 aucis

58 3894 153 3945 ferreis
171 3896 257 3961 ipsam
276 3896 492 3961 inpugnaverunt
510 3893 619 3956 diutins,
641 3894 732 3958 iguem
752 3891 867 3943 Grecnm
893 3908 953 3942 cum
973 3892 1108 3959 lapidibus
1128 3893 1174 3943 de·

58 3983 139 4034 snper
153 3969 186 4018 de
200 3968 315 4019 turribus
330 3969 501 4033 proicientes.
531 3966 586 4018 Sed
600 3983 660 4017 cnm
674 3966 714 4016 sic
727 3965 865 4031 prevalere
879 3982 931 4016 non
947 3972 1056 4032 possent
1068 3971 1176 4032 propter

60 4041 229 4092 defensorum
253 4040 398 4102 audatiam,
422 4041 543 4091 certatim
569 4042 659 4090 navim
684 4039 871 4102 ascendentes,
896 4040 1043 4106 precipites
1067 4041 1175 4090 ineam

59 4185 83 4240 a)
99 4188 338 4238 'templariorum
354 4187 379 4228 L.
411 4185 436 4239 b)
452 4199 473 4236 q.
490 4187 608 4226 christiani
623 4186 703 4236 populi
719 4185 841 4225 multitudo
856 4186 906 4226 Deo
922 4183 1013 4233 plaeere
1029 4185 1177 4236 probabatur,

59 4248 193 4288 huiusmodi
207 4247 300 4296 flagello
317 4247 401 4287 meruit
415 4247 532 4295 castigari.
556 4247 584 4286 ln
599 4246 681 4295 vigilia
696 4245 722 4285 L.
784 4243 805 4293 c)
819 4245 921 4284 fluminis
937 4254 956 4283 e.
971 4243 997 4284 [ι.
1058 4244 1081 4295 d)
1099 4245 1136 4285 Fr.
1154 4249 1177 4285 et

61 4308 104 4350 Th.
119 4306 237 4347 laboribus
253 4306 337 4355 qulbus
352 4307 377 4345 in
393 4306 507 4355 capienda
523 4306 616 4346 civitate
633 4305 804 4345 desudaverant
818 4304 845 4344 h.
912 4300 935 4354 e)
952 4312 982 4343 m.
999 4306 1022 4342 et
1038 4304 1128 4344 reddita
1143 4309 1178 4345 est

61 4368 174 4407 serenitas
189 4365 215 4405 t.
275 4365 429 4417 {Jtnnctnraa
445 4366 545 4405 crurium
562 4365 587 4405 L.
648 4363 672 4414 g)
689 4363 796 4413 magnios
812 4363 839 4405 L.
899 4360 924 4414 h)
940 4361 1053 4403 barbottis
1068 4363 1094 4403 L.
