2934 4998
198 1476 264 1518 Hcrt.
274 1478 294 1516 1.

233 2351 298 2393 12³8.

205 2410 268 2454 aar.
277 2413 298 2455 2.

305 405 358 455 272
424 404 609 457 CHRONICA
628 405 740 456 REGIA
757 404 1006 456 COLONIENSIS.
1025 404 1129 456 CONT.
1140 405 1189 456 IV.
1209 404 1241 455 A.
1255 401 1341 452 1237.

304 581 402 636 noctu
422 571 560 657 fugiunt,
588 573 720 659 opidum
741 571 966 657 relinquentes.
1009 572 1105 636 Mane
1134 573 1228 654 facto,
1260 571 1423 656 inperator

305 666 410 721 castra
442 678 544 736 vacua
576 668 609 722 et
639 657 819 720 carrocium
851 655 944 720 simul
976 678 1049 720 eum
1081 665 1237 742 potestate
1274 654 1366 754 capit
1396 664 1423 718 et

304 743 411 827 ipsum
432 751 623 826 potestatem
645 739 943 824 Mediolanensium,
965 739 1065 805 filium
1088 740 1178 805 ducis
1197 741 1422 820 Venestorum,

304 827 338 890 in
354 825 466 890 eodem
483 847 579 890 curru
594 826 756 926 captivum
770 833 902 910 propter
916 822 1136 911 spectaculum
1148 834 1244 889 cuma
1259 821 1422 907 triumpho

305 909 497 975 Cremonam
525 897 689 974 adducitl.
738 908 842 974 Cata
870 921 944 973 sunt
972 920 1078 975 autem
1108 910 1142 972 in
1172 909 1233 973 hoc
1262 905 1423 988 conflictu,

305 994 410 1058 occisa
441 993 493 1058 vel
525 994 692 1059 submersa
723 995 756 1057 in
785 931 884 1057 durio
913 992 987 1080 Oyo
1016 992 1154 1059 hostium
1182 994 1300 1058 decem
1330 990 1423 1054 milia.

304 1077 358 1142 Ex
379 1087 471 1163 parte
492 1079 681 1164 inperatoris
701 1078 890 1163 paucissimi
910 1081 1083 1163 perierunt.
1126 1078 1300 1163 Inperator
1324 1096 1424 1138 carro·

306 1163 391 1225 cium
406 1163 542 1226 Romam
564 1163 661 1227 mittit
681 1163 715 1225 in
736 1165 762 1226 si
809 1184 864 1227 um
885 1172 917 1226 et
938 1164 1125 1227 memoriam
1140 1161 1235 1225 huius
1256 1158 1422 1245 triumphi.

305 1244 419 1310 Natale
447 1246 580 1310 Domini
606 1247 673 1331 agit
700 1269 764 1332 apu
815 1247 960 1332 Papiam,
990 1259 1023 1311 et
1050 1245 1187 1333 quedam
1216 1246 1371 1309 civitates
1395 1245 1424 1306 in

306 1352 397 1393 suam
418 1331 552 1395 veniunt
574 1329 779 1413 deditionem,
802 1329 915 1394 Lauda
937 1330 1058 1397 scilicet
1080 1340 1111 1395 et
1129 1329 1298 1395 Vercellis.

222 1415 296 1457 ¹²⁸⁸?
388 1415 484 1500 Ips0⁰
505 1436 589 1479 anno
611 1416 645 1478 in
674 1414 725 1480 die
752 1416 839 1481 beati
867 1413 979 1480 Albini
1007 1414 1154 1501 grando‘l
1181 1415 1214 1478 in
1244 1414 1421 1499 quantitate

305 1520 438 1563 ovorum
465 1498 685 1564 columbarum
710 1501 801 1579 vites,
838 1499 931 1564 erbas
960 1508 993 1563 et
1021 1508 1145 1584 segetes
1173 1499 1364 1585 plerisque⁰
1394 1497 1422 1558 in

304 1582 382 1647 loeis
404 1592 436 1647 et
456 1585 609 1669 precipue
624 1606 725 1670 prope
742 1583 909 1649 Coloniam
929 1585 1110 1669 prosternit.
1155 1583 1301 1665 Quidam
1325 1582 1423 1646 eciam

304 1666 515 1748 affirmabant,
551 1691 585 1732 se
620 1668 739 1733 vidisse
774 1667 913 1754 lapidem
949 1668 1115 1753 grandinis
1150 1669 1184 1731 in
1222 1665 1422 1753 longitudine

306 1751 431 1815 dimidii
453 1751 553 1816 cubiti
575 1754 661 1818 etin
682 1776 697 1816 s
721 1753 888 1818 issitudine
911 1752 1262 1840 quatuorfdigitorum.
1302 1751 1421 1815 Ventus

305 1837 407 1902 eciam
442 1837 631 1935 grandinem
664 1775 855 1923 subsequtus
891 1838 924 1902 in
957 1836 1064 1901 multis
1093 1836 1181 1921 locis,
1220 1833 1423 1900 maximein

306 1919 483 2001 Westfaha,
512 1921 643 1986 arbores
665 1921 819 1986 radicitus
842 1923 932 2004 eruit,
963 1921 1075 1986 domos
1098 1920 1240 2003 destruit,
1263 1917 1421 2008 quosdam

306 2005 490 2069 suffocans&
504 2005 649 2070 homines
668 2015 701 2071 et
715 2007 866 2071 iumenta.
951 2006 1093 2087 Turrish,
1138 2027 1214 2069 uam
1229 2001 1421 2070 venerabilis

305 2088 581 2175 archiepiscopus*
605 2089 819 2175 Engelbertus
839 2100 913 2155 ante
936 2099 1076 2154 castrum
1090 2090 1203 2154 Turun
1225 2095 1420 2168 extruxerat,

305 2171 379 2237 dolo
395 2174 517 2320 capitur
531 2197 551 2237 a
564 2174 743 2239 fautoribus
759 2175 921 2260 palatini1.
991 2175 1137 2260 Hyemps
1151 2175 1297 2256 remissa,
1310 2171 1420 2251 ventis,

306 2258 392 2339 nive,
414 2259 524 2343 puvia
544 2259 781 2344 distemperata.

391 2342 430 2406 In
462 2339 575 2407 eadem
606 2343 721 2428 hyeme
754 2344 840 2408 eirca
895 2342 1125 2407 urificationem
1163 2342 1256 2407 beate
1291 2338 1418 2426 virginis

310 2447 416 2491 comes
450 2424 636 2507 Clivensis²,
670 2427 809 2491 comite³
842 2366 1012 2492 Hiillandie
1045 2427 1107 2491 sibi
1140 2425 1248 2491 navali
1278 2425 1419 2490 exercitu

309 2531 496 2575 succursum
516 2512 646 2593 ferente,
668 2511 792 2576 invadit
813 2513 891 2577 fines
911 2512 1109 2598 archiepisco
1134 2521 1205 2576 atus
1221 2506 1417 2575 Coloniensis

308 2603 340 2659 et
361 2604 503 2659 castrum
531 2596 638 2661 archis
662 2597 765 2683 iscopi
793 2596 957 2683 Haspele⁴
986 2618 1086 2683 prope
1144 2607 1200 2660 es⁵
1234 2596 1335 2659 situm
1367 2609 1418 2678 per

308 2677 512 2743 traditionem
548 2617 711 2745 castellani
747 2682 890 2745 eiusdem
928 2682 1023 2745 castri
1056 2681 1143 2766 capit
1175 2689 1207 2744 et
1240 2677 1415 2761 confringit.

307 2761 575 2848 Archiepiscopus
598 2767 735 2846 auteml,
768 2763 869 2830 electa
894 2787 993 2829 manu
1019 2764 1147 2829 militari
1175 2761 1323 2828 celeriter
1351 2781 1417 2825 con·

308 2857 451 2932 gregata,
466 2847 650 2934 inopinatus
664 2847 794 2914 advolat
806 2848 913 2916 hostes
928 2848 1147 2935 propulsurus.
1181 2847 1246 2914 Sed
1261 2846 1417 2911 mediante

309 2932 425 2996 comite
448 2930 624 2997 Gelrense⁰
646 2941 678 2998 et
698 2934 852 2997 instanter
879 2957 916 2998 su
941 2933 1091 3019 plicante,
1113 2932 1249 2998 eundem
1271 2931 1415 2999 comitem

309 3013 491 3081 Olivensem
513 3017 546 3080 in
560 3016 754 3081 deditionem
768 3018 891 3103 recipit,
912 2956 1113 3082 habundanti
1128 3018 1274 3082 cautione
1288 3021 1416 3098 accepta

308 3099 348 3163 de
371 3101 466 3165 castri
488 3101 537 3164 sui
552 3099 646 3186 longe
661 3099 785 3165 meliori
799 3103 998 3187 reparatione
1014 3111 1046 3167 et
1066 3102 1180 3165 iniurie
1196 3100 1413 3165 satisfactione.

392 3185 455 3249 Per
465 3183 550 3249 idem
561 3193 690 3270 tempus
704 3185 787 3249 infra
803 3186 1080 3285 quadragesimam
1096 3187 1130 3249 in
1142 3184 1335 3266 Coloniensi,
1348 3183 1416 3246 Tre-

308 3269 428 3333 virensi
455 3277 487 3332 et
512 3268 703 3354 Moguntina
729 3271 901 3356 provinciis
929 3279 961 3334 et
982 3270 1123 3334 maxime
1145 3271 1178 3333 in
1199 3269 1322 3334 diocesi
1344 3268 1414 3332 Leo·

309 3351 410 3416 diensi
445 3352 580 3439 plurime
616 3375 729 3439 gnome
765 3363 947 3440 emergunt,
983 3363 1115 3440 propter
1159 3375 1237 3440 quas
1275 3355 1413 3417 incursus

307 3435 474 3519 bellorum,
496 3436 740 3524 depredationes
763 3448 796 3502 et
810 3438 958 3503 incendia
979 3437 1079 3502 multa
1100 3437 1214 3507 fiunt*
1299 3438 1342 3501 In
1359 3435 1414 3498 fine

308 3521 451 3586 eiusdem
481 3521 749 3608 quadragesime*
772 3522 852 3587 obiit
873 3522 1009 3588 domnus
1031 3523 1192 3586 Henricus
1221 3517 1413 3586 Coloniensis

308 3604 578 3692 archiepiscopus.

370 3730 399 3800 ⁸¹²)
420 3731 460 3784 02
473 3733 563 3784 addit:
593 3733 719 3784 Eodem
739 3749 825 3784 anno
846 3739 991 3784 castrum
1006 3728 1413 3800 quoddieiturAmiralde

419 3806 458 3856 de
479 3806 666 3857 obsidione
686 3813 739 3858 est
757 3806 961 3859 absolutum.

308 3932 331 3986 ι)
347 3936 402 3976 arat
419 3935 460 3978 02,
519 3933 544 3985 b)
561 3935 658 3975 adduxit
672 3932 732 3976 01.)ἱ
778 3931 799 3986 c)
815 3934 835 3973 b·
850 3935 865 3977 l.
880 3936 905 3974 ta
922 3936 1019 3986 marytres
1038 3935 1142 3974 interiore
1163 3935 1248 3975 notavit
1268 3935 1315 3974 alia
1334 3938 1412 3974 maaet

308 3994 383 4035 Nota:
399 3997 461 4035 istud
477 3995 586 4045 precedet
601 3995 650 4034 131.
689 3993 713 4046 d)
728 4005 755 4032 m.
771 4004 789 4035 a
802 3993 850 4034 XV.
866 3996 937 4045 suppl.
949 3994 1022 4038 om.
1060 3991 1082 4045 ο)
1099 3995 1193 4045 prlsque
1208 3994 1258 4034 Bt.
1289 3993 1307 4044 r)
1325 3995 1413 4043 quatuor

309 4074 336 4085 -
352 4055 489 4103 grandinem
504 4055 547 4094 dea.
564 4055 605 4096 01.
639 4050 771 4103 &suffocet
786 4053 860 4096 OM.
891 4052 915 4104 h)
928 4055 948 4096 t.
963 4055 977 4095 t.
1000 4053 1071 4093 mrim
1089 4063 1157 4094 manu
1171 4064 1216 4103 qua
1230 4063 1300 4103 capra
1314 4052 1345 4102 (a.
1362 4051 1380 4102 e)
1393 4048 1413 4086 ta

307 4124 374 4163 mura.
389 4119 492 4154 notatur:
505 4118 528 4154 et
543 4114 603 4154 istud
619 4113 720 4163 priorem
736 4122 823 4152 annum
839 4112 889 4153 Bl.
954 4111 972 4164 i)
990 4114 1113 4163 episcopua
1130 4113 1202 4154 (11.9.
1268 4110 1294 4163 k)
1310 4113 1363 4153 aaut
1376 4107 1411 4148 0²·

311 4224 338 4290 1)
361 4225 470 4289 ottonis,
490 4225 564 4278 ducis
583 4225 730 4279 Bavariae.
776 4223 805 4293 2)
830 4223 1013 4279 Theodericus.
1052 4224 1082 4292 3)
1101 4225 1241 4278 Wlbelmo.
1281 4225 1312 4293 4)
1331 4220 1410 4292 Aspel

309 4301 338 4366 b)
357 4299 425 4352 Beer
442 4317 526 4366 prope
546 4300 634 4352 Weael.
710 4299 739 4367 6)
762 4299 861 4353 Ottoue.
938 4298 965 4365 7)
985 4299 1012 4353 d.
1034 4301 1077 4352 26.
1098 4299 1202 4352 Martii.

763 4485 962 4496 m...-
