2934 4998
288 391 342 441 814
409 388 586 442 canorum
606 389 770 440 RHYTHM.
791 387 1033 441 COLONIENSIS
1052 388 1281 440 FRAGMENTA.

400 573 415 622 5
439 558 515 634 ssui
536 566 612 620 tunc
635 555 791 621 vidissent
812 557 858 621 sic
880 555 994 622 cedere
1015 555 1133 621 vilibus
1154 555 1244 621 aulas

434 641 544 722 Urbis,
567 640 736 729 ris[issent]
760 640 870 706 solitos
894 642 956 708 sibi
978 641 1021 704 fin
1047 663 1099 706 ere
1121 639 1240 706 caulas.

435 727 542 790 Antea
563 725 646 814 s[arc
661 727 729 789 inas
752 736 922 813 operantes
945 727 1001 812 qui
1022 663 1192 807 fatuenrnt,

435 811 530 874 Nunc
554 808 642 959 ppar
655 820 735 894 gunt
756 811 860 874 iuncis
883 831 1037 890 cameras,
1060 831 1138 896 quas
1160 807 1378 874 incoluerunt.

435 896 541 959 Antea
585 916 612 958 1s
657 895 728 958 inos
751 893 876 959 calcant
896 893 1172 980 ewangelizantes,

379 996 413 1044 10
436 979 531 1044 Nunc
553 978 753 1064 Agrippinos
775 979 921 1043 dominos
943 1001 977 1044 se
1021 977 1225 1042 lorificantes.

433 1063 540 1128 Antea
562 1085 596 1127 se
617 1063 742 1148 pedites
764 1065 878 1149 inopes
900 1062 995 1127 sormi
1020 1064 1070 1127 'ne
1092 1063 1229 1162 fingunt,

435 1147 544 1212 Aurea
565 1168 651 1211 nunc
672 1148 796 1234 equites
817 1146 918 1212 veluti
940 1145 1076 1212 calcaria
1097 1155 1268 1232 stringunt.

436 1234 542 1296 Antea
558 1232 613 1331 qui
629 1230 792 1314 suberant,
814 1231 951 1318 pedibus
967 1235 1060 1318 quasi
1098 1253 1187 1297 ressa
1202 1228 1361 1312 scabella,

436 1317 531 1380 Nunc
552 1316 613 1379 lnis
636 1316 693 1402 qui
714 1327 865 1402 preerant
885 1315 1005 1381 audent
1026 1317 1059 1380 in
1082 1317 1166 1381 icere
1188 1313 1284 1380 bella.

379 1416 412 1465 15
435 1401 540 1466 Antea
561 1399 648 1464 nulla
671 1401 758 1465 sonis
780 1401 838 1465 hos
862 1401 972 1465 concio
995 1401 1077 1466 scire
1100 1399 1232 1480 solebat,

435 1485 531 1550 Nunc
554 1483 723 1571 splendent
743 1484 876 1567 thronis,
897 1484 954 1549 ubi
975 1483 1125 1550 nobilitas
1147 1481 1322 1549 residebat.

435 1570 541 1633 Antea
563 1591 636 1634 cum
658 1570 789 1654 paribus
813 1570 869 1655 qui
891 1591 1085 1634 consuevere
1108 1570 1250 1651 subesse,

435 1654 529 1718 Nunc
551 1655 644 1740 quasi
664 1654 867 1741 principibus
890 1663 938 1718 est
959 1653 1020 1717 hiis
1066 1675 1155 1719 arere
1177 1674 1324 1717 necesse.

436 1737 542 1802 Antea
564 1760 643 1838 quos
667 1748 774 1822 patres
795 1737 902 1802 medio
925 1737 964 1802 de
986 1676 1090 1836 plebis
1112 1736 1251 1818 alebant,

378 1839 413 1888 20
435 1823 529 1886 Nunc
551 1823 674 1888 vrciant
694 1832 812 1888 matres
835 1833 867 1888 et
889 1843 1080 1906 consprcuas
1102 1821 1277 1887 faciebant.

435 1906 542 1971 Antea
585 1906 736 1971 rodonis
760 1929 855 1993 quem
879 1907 1009 1992 cirpea⁸
1031 1906 1094 1970 tela
1114 1905 1254 1992 tegebat,

435 1992 530 2056 Nunc
552 1928 592 2055 db
614 1993 749 2076 pavonis
771 1991 885 2076 pennis
907 1990 994 2054 frons
1016 1991 1087 2055 vela
1108 1989 1242 2055 ferebat.

435 2076 540 2139 Antea
563 2077 618 2160 qui
640 2075 776 2140 modicis
798 2085 829 2138 te
854 2077 969 2138 mentis
992 2072 1111 2160 templa
1133 2075 1297 2161 petebant,

435 2160 530 2224 Nunc
552 2159 651 2222 variis
674 2161 785 2224 sericis
808 2098 966 2244 lifigentes
987 2169 1075 2224 veste
1098 2158 1275 2224 tumebant.

378 2258 412 2307 25
435 2245 542 2308 Antea
563 2265 622 2329 per
643 2254 744 2324 natas,
768 2244 870 2308 socias
894 2265 1022 2330 quoque
1044 2243 1136 2308 lanea
1157 2243 1289 2327 nebant,

437 2329 531 2394 Nunc
554 2328 611 2392 has
635 2339 763 2394 ornatas
785 2328 949 2414 generosis
971 2327 1200 2392 anteferebant.

436 2414 542 2479 Antea
565 2413 621 2498 qui
641 2415 765 2477 victum
787 2412 964 2499 querebant
986 2423 1062 2494 arte,
1085 2411 1205 2492 labore,

435 2498 530 2561 Nunc
552 2496 630 2561 dant
651 2496 792 2562 edictum
814 2495 1009 2582 publicoque
1030 2496 1179 2560 fruuntur
1200 2495 1335 2563 honore.

436 2581 542 2646 Antea
564 2603 662 2667 quam
683 2580 758 2645 ville
779 2581 899 2666 gradus
920 2581 1052 2644 inferior
1072 2583 1239 2662 retinebat,

379 2677 414 2725 30
437 2665 531 2729 Nunc
553 2663 652 2731 veluti
674 2665 751 2731 Sille
773 2663 865 2751 plebs
887 2675 951 2730 tem
978 2687 1031 2730 ore
1054 2673 1168 2728 cuncta
1189 2664 1372 2750 premebat.

436 2748 541 2814 Antea
562 2750 727 2835 dampnati
749 2748 878 2813 sceleris
900 2688 1095 2835 quidamque
1116 2748 1229 2833 fugati,

435 2834 530 2898 Nunc
554 2833 717 2899 sublimati
738 2834 829 2915 fiunt,
851 2834 974 2897 meritis
999 2834 1089 2920 quasi
1111 2834 1204 2919 grati.

436 2917 543 2983 A'ntea
565 2917 703 2983 discreto
727 2917 1004 2982 conscendebatur
1024 2919 1057 2980 in
1080 2917 1190 2999 altum,

437 3002 531 3066 Nunc
553 3003 680 3088 penitus
703 3012 811 3101 spreto
833 3001 993 3066 faciebant
1016 3001 1127 3067 ordine
1150 3000 1274 3072 saltum.

378 3099 412 3148 35
433 3086 540 3151 Antea
561 3089 699 3152 maiores
720 3085 875 3150 iuveniles
897 3087 948 3150 ius
970 3085 1156 3169 docuerunt,

437 3171 596 3257 Nuncque
618 3193 677 3320 per
699 3192 822 3236 errores
844 3172 966 3235 dictant
989 3193 1051 3256 que
1072 3192 1136 3235 non
1158 3169 1356 3236 didicerunt.

437 3256 544 3320 Antea
565 3277 621 3340 pre
634 3257 679 3320 ati
701 3255 799 3340 digno
822 3254 882 3319 sub
905 3254 1025 3320 honore
1046 3255 1185 3336 fuerunt,

435 3340 530 3404 Nune
552 3339 735 3404 inhonorati
756 3348 899 3403 nostrum
921 3361 1032 3403 casum
1054 3339 1232 3405 doluerunt.

436 3424 543 3489 Antea
563 3423 713 3489 nobilitas
734 3426 789 3510 pia
811 3423 1052 3508 predominatur
1073 3425 1105 3487 in
1127 3423 1217 3504 urbe,

379 3518 414 3569 40
435 3508 530 3572 Nunc
553 3507 637 3574 mala
657 3509 818 3573 rusticitas
840 3508 929 3594 viget
950 3518 982 3574 et
1003 3510 1051 3572 vis
1073 3508 1190 3573 tradita
1212 3505 1317 3572 turbe.

436 3591 542 3658 Antea
562 3614 627 3657 non
648 3602 724 3657 nota
745 3592 870 3677 magnis
892 3592 983 3677 plebs
1006 3603 1054 3658 est
1076 3593 1248 3677 operatrix,

437 3676 530 3741 Nunc
554 3676 653 3743 claret
674 3687 740 3742 tota
761 3674 875 3762 prelati
898 3674 1105 3741 consiliatrix.

436 3759 542 3825 Antea
563 3760 698 3827 florebat
718 3762 820 3826 virtus
845 3809 1008 3830 ......
1031 3783 1094 3844 sos,

436 3845 529 3909 Nunc
550 3845 570 3909 h
594 3892 1008 3914 ..............
1016 3846 1030 3887 l

377 3940 412 3990 45
434 3931 531 4002 llinc
553 3932 696 4017 equitum
718 3930 785 3992 nati
806 3928 919 3994 fratres
941 3929 981 3994 de
1004 3928 1131 3994 Sande¹
1154 3932 1260 3994 vocati

436 4013 510 4078 Hiis
534 4014 695 4099 captivati,
719 4023 793 4077 sunt
813 4011 900 4077 illico
922 4014 1111 4100 decapitati3

439 4098 576 4178 Quando
597 4120 709 4184 preces
731 4098 800 4162 dire
821 4098 974 4164 festinant
994 4107 1096 4162 morte
1117 4097 1232 4184 preire.

437 4181 589 4247 Parentes
611 4184 667 4266 ire,
690 4181 767 4246 dant
788 4181 846 4246 hos
869 4182 937 4248 sine
958 4183 1027 4248 iure
1048 4182 1163 4268 perire.

291 4303 314 4357 a)
330 4308 346 4346 i.
362 4316 380 4347 a.
396 4308 495 4358 scirpea.
555 4307 579 4362 b)
595 4311 680 4360 reliqua
695 4310 787 4352 abesae.

295 4400 323 4465 1)
346 4398 398 4462 oni
417 4401 483 4452 olibi
501 4403 534 4456 de
553 4403 702 4458 Sandiale.
735 4405 771 4456 D.
