2970 4996
279 404 331 456 118
468 407 656 461 OHRONIOA
675 409 789 462 REGIA
809 408 1049 464 COLONIENSIS
1069 411 1101 462 A.
1122 410 1202 462 1167.

671 580 836 634 Recensio
856 581 882 634 Ι.
902 591 933 634 et
951 582 1001 633 II.

277 676 310 731 et
331 686 449 751 papam
471 665 658 730 Paschalem
679 668 713 730 in
734 665 810 732 sede
825 668 912 732 beati
926 667 1013 732 Petri
1029 666 1207 748 collocavit,
1231 663 1289 730 ubi
1304 665 1414 729 etiam
1481 663 1483 738 i

176 759 221 800 Μ·
231 759 267 801 ²⁰·
277 749 364 815 idem
374 770 461 835 papa
472 751 501 814 3.
511 748 584 815 Kal.
595 749 692 836 Aug,
709 750 871 815 dominica
882 760 955 817 ante
965 751 1094 817 vincula
1105 749 1353 816 sanctirPetrib
1371 745 1414 812 15

278 832 405 916 eleetos,
440 832 520 898 alios
548 834 583 897 in
611 832 819 918 patriarchas,
855 834 935 899 alios
961 836 996 898 in
1017 835 1287 922 archiepiscopos,
1324 853 1413 895 non-

277 916 381 982 nullos
410 918 444 980 in
472 917 641 1003 episcopos
668 918 836 984 ordinavit
885 919 1001 984 Tereia
1030 919 1147 983 dehinc
1176 919 1229 983 die
1257 919 1292 980 in
1317 916 1411 980 festo

176 1007 235 1060 Aur·
245 1011 266 1053 1·
277 1001 364 1067 beati
385 1001 492 1066 Petris
513 1001 665 1065 domnam
686 1001 876 1086 Bestrioem,
897 1024 1034 1068 uxorem
1053 1004 1181 1086 cesana,
1210 1003 1244 1065 in
1263 1001 1412 1086 impers-

276 1086 390 1150 trioem
412 1087 622 1150 consecravit.
1482 1149 1483 1162 ,

275 1167 1410 1256 Pactumdquodpepigeruntltomanicumimperatoree

728 1252 946 1318 Friderioo.
1481 1265 1484 1328 ζ

360 1336 561 1399 Iuraoerunt
587 1346 756 1420 presentes
790 1347 819 1401 et
850 1339 1010 1403 iurabant
1032 1338 1152 1423 futuri
1184 1345 1353 1402 senatores
1378 1343 1411 1398 et
1482 1341 1484 1408 i

275 1428 360 1483 totus
381 1420 531 1504 populus
552 1420 724 1484 Romanus
747 1422 865 1486 domno
888 1423 1057 1487 ruderico
1080 1423 1276 1508 imperatori
1289 1419 1409 1500 fideli·
1483 1439 1484 1448 ¹

276 1511 382 1579 tatem,
419 1511 447 1567 et
483 1503 570 1588 qnod
605 1503 767 1568 iuuabunt
803 1527 875 1569 eum
907 1529 1063 1571 coronam
1095 1508 1228 1590 imperii
1253 1503 1410 1569 Romani

275 1588 412 1650 retinere
444 1595 473 1650 et
504 1589 543 1651 cle
561 1587 697 1651 enderel
726 1598 841 1653 contra
869 1611 976 1654 omnes
1012 1591 1167 1669 bomines,
1196 1598 1225 1652 et
1246 1588 1409 1652 iusticias

277 1693 358 1734 suas
387 1679 455 1733 tam
482 1673 519 1734 in
537 1694 577 1733 ra
616 1671 730 1736 Urbem
760 1695 858 1756 qnam
888 1682 982 1737 entra
1011 1673 1125 1738 Urbem
1146 1673 1306 1736 innabant
1327 1693 1410 1734 eum
1482 1687 1484 1704 “

276 1756 435 1834 retinere,
459 1764 488 1816 et
510 1757 597 1838 qaod
619 1778 792 1839 nunquam
813 1766 908 1820 erunt
929 1767 1010 1821 nect
1031 1759 1069 1821 in
1098 1757 1234 1821 consilio
1255 1755 1340 1820 nech
1363 1758 1407 1818 in

266 1837 374 1923 facto,
411 1838 468 1902 ubi
496 1839 633 1904 domnus
659 1842 840 1924 imperator
859 1841 949 1904 mala
971 1844 1123 1924 captione
1156 1841 1313 1925 capiatur
1352 1838 1407 1902 vel

275 1922 451 1986 membrum
480 1923 604 2006 perdat
650 1923 699 1986 cet
741 1923 877 2008 aliquod
911 1925 1136 2003 detrimentum
1176 1928 1211 1987 in
1248 1945 1406 2008 persona
1483 1935 1484 1950 ¹

271 2007 444 2089 paciatur,
477 2016 506 2070 et
532 2007 619 2090 qaod
646 2017 795 2071 senatum
823 2010 959 2071 nonnisi
974 2030 1040 2091 per
1061 2031 1133 2072 eum
1159 2007 1405 2072 retinentium

277 2111 374 2153 suum
396 2089 609 2170 ordinabunt,
637 2100 666 2154 et
688 2091 765 2155 baec
787 2092 1001 2156 observabunt
1023 2093 1093 2156 sine
1106 2091 1238 2175 fraude
1259 2090 1403 2155 stmulo

278 2173 425 2258 inpenio.
1482 2245 1484 2254 ,

361 2255 534 2318 Dora-nus¹¹
562 2258 742 2340 imperator
767 2258 970 2342 confirmabit
998 2268 1146 2340 senatum
1169 2281 1233 2341 per
1258 2267 1330 2321 etuo
1361 2258 1402 2322 in

277 2361 313 2402 eo
341 2341 453 2424 oipore
480 2340 517 2402 in
544 2361 606 2424 quo
634 2363 722 2403 nunc
752 2351 807 2422 est,
829 2350 857 2405 et
887 2342 1019 2441 aupebit
1047 2341 1157 2405 illuml
1186 2281 1256 2405 tati?
1278 2351 1401 2423 tenore,
1483 2359 1484 2394 1

278 2431 314 2486 ut
336 2431 471 2486 senatus
487 2444 553 2506 per
574 2446 646 2487 eum
669 2424 838 2489 ordinetur
859 2434 888 2488 et
910 2448 940 2488 ss
962 2425 1122 2490 subiectus
1136 2426 1222 2507 flat,·
1246 2435 1274 2487 et
1286 2424 1403 2508 faciet
1455 2469 1458 2476 ,

277 2506 356 2572 inde
365 2506 582 2592 privilepinm
598 2530 671 2572 cum
686 2508 794 2594 sipillo
814 2509 903 2590 auri,
924 2511 961 2573 in
977 2531 1040 2594 quo
1056 2513 1286 2573 contineantur
1299 2509 1401 2572 baec:

277 2588 426 2654 uidelicet
457 2590 660 2670 confirmatio
694 2601 837 2674 senatus,
874 2602 904 2656 et
930 2593 1018 2676 qnod
1036 2592 1146 2678 faciet
1168 2590 1262 2656 solva
1284 2593 1402 2657 omnia

278 2674 370 2738 iusta
398 2682 573 2738 tenemento
589 2674 712 2760 populi
733 2677 886 2756 Romani,
924 2685 1082 2761 quantum
1105 2677 1150 2740 ad
1170 2679 1402 2760 imperatorem

303 2757 434 2837 eminet,
456 2756 545 2841 quod
565 2783 604 2824 ea
625 2759 694 2823 illis
715 2783 781 2824 non
805 2759 932 2844 auferet
952 2769 982 2823 et
1002 2760 1100 2824 bonos
1121 2771 1232 2824 usust1
1250 2761 1346 2824 Urbis
1368 2769 1401 2823 et

276 2779 465 2920 lbcationes,
499 2840 621 2907 libellos
648 2845 741 2907 tercii
767 2853 798 2906 et
826 2844 939 2928 quarti
960 2846 1089 2928 poneris
1111 2844 1330 2924 conservabit,-
1368 2852 1402 2905 et

275 2925 439 3008 precipiet
459 2927 496 2988 in
518 2926 626 2990 eodem
645 2926 833 3012 pricilepio,
856 2950 924 2991 non
947 2927 1078 3012 auferri
1090 2929 1253 2992 Romanis
1273 2930 1312 2990 in
1332 2935 1399 2990 toto

278 3009 416 3090 imperio
438 3030 497 3072 suo
516 3008 738 3093 plateaticum,
756 3013 968 3096 portaticum,
995 3011 1199 3096 pedapiam¹¹
1222 3019 1280 3074 aut
1301 3012 1398 3094 ripa·

279 3091 396 3172 ticum;
419 3100 467 3154 et⁰
489 3095 520 3156 si
542 3094 674 3179 auferre
689 3096 940 3178 presumpserit,
973 3096 1103 3159 incidat
1132 3097 1169 3158 in
1186 3117 1312 3178 penam
1335 3093 1400 3156 100

279 3173 441 3239 librarum
469 3180 557 3242 auri.
602 3179 693 3243 Haec
717 3180 828 3243 omnia
850 3201 922 3243 cum
944 3178 1182 3263 subscriptione
1197 3180 1401 3264 principum

280 3259 394 3321 curiae
408 3258 501 3341 fient.

361 3341 423 3406 His
458 3344 526 3408 itas
587 3365 717 3430 raspere
757 3354 789 3409 et
819 3342 1022 3409 laudabiliter
1058 3345 1174 3444 gestis,
1217 3344 1400 3410 miserrima

279 3426 464 3510 supervenit
499 3425 547 3491 ola
571 3450 605 3491 es
641 3439 673 3492 et
699 3428 898 3512 pestilentia,
932 3427 1086 3493 Romame
1121 3425 1240 3492 finibus
1269 3450 1401 3513 semper

135 3509 392 3589 manamine,
429 3531 521 3596 quae,
553 3520 590 3575 ut
612 3512 646 3574 in
667 3510 837 3575 Ezechiele
858 3509 984 3596 legitur,
1020 3535 1040 3576 a
1061 3513 1243 3576 sanctuario
1265 3511 1330 3576 Dei
1350 3514 1400 3576 in-

279 3593 411 3677 cipiens,
444 3614 554 3658 omnes
586 3616 668 3678 pene
701 3593 905 3658 sacerdotalis
935 3594 1055 3659 ordinis
1077 3595 1247 3680 dignitates
1270 3595 1398 3678 deiecit,

302 3676 442 3761 rinoipes
460 3678 643 3762 prostravit,
691 3678 801 3742 Primo
830 3677 971 3742 Daniele
1003 3678 1187 3742 Praionsisr
1214 3701 1231 3742 e
1257 3679 1397 3764 iscopua,

180 3773 237 3825 Arr-
246 3774 269 3815 9·
279 3696 372 3823 leno
385 3758 569 3826 Alexander
581 3759 796 3826 Leodiensise
821 3762 951 3846 iscopus
958 3763 992 3825 in
1005 3760 1117 3849 vigilia
1132 3764 1218 3827 beati
1232 3702 1400 3826 laurentii

279 3842 456 3926 obierunt‘3
498 3843 593 3909 deinu
630 3843 765 3908 domnus
797 3784 976 3910 lieinoldus
1013 3845 1303 3932 archiepiscopusv,
1348 3847 1399 3911 vir

276 4003 442 4056 s)bestlA1.
503 4006 527 4059 b)
544 4009 645 4058 apostoli
661 4008 772 4048 adadl.
834 4005 1093 4058 demaenetum.
1154 4009 1177 4058 d)
1193 4009 1289 4048 Pactum
1305 4028 1333 4038 ·-
1348 4008 1399 4048 Fri·

276 4063 355 4104 dorieo
376 4065 419 4104 des.
434 4066 476 4106 ss
502 4067 582 4120 (spatio
597 4077 665 4106 vacuo
681 4064 772 4115 relicto).
788 4065 830 4106 01.
876 4065 899 4117 e)
916 4067 1063 4106 domnoP.
1080 4069 1219 4116 imperatore
1235 4070 1398 4116 asemper

276 4127 412 4172 augusto
436 4125 482 4165 131.
507 4125 550 4166 02.
618 4125 704 4176 neam
726 4126 776 4165 adst.
794 4125 840 4166 Bl.
856 4125 898 4164 02.
964 4124 988 4176 g)
1004 4127 1060 4165 deest
1076 4125 1186 4175 083tsm
1203 4127 1255 4174 1313
1279 4134 1327 4165 non
1351 4125 1398 4168 ol.

275 4178 386 4232 atquem
402 4184 459 4234 1315
476 4188 499 4225 st
514 4185 530 4225 f.
547 4185 591 4225 02.
652 4182 670 4235 i)
686 4185 724 4225 vel
739 4195 782 4234 per
797 4184 823 4225 Β,
842 4183 880 4233 0.;
896 4184 944 4225 ord.
961 4195 983 4227 v.
999 4195 1023 4223 n.
1040 4194 1058 4224 s.
1073 4184 1123 4225 Al.
1169 4182 1193 4235 k)
1210 4184 1328 4224 Romanus
1344 4183 1397 4225 At.

275 4239 293 4293 1)
310 4251 363 4282 oum
377 4241 440 4282 Μ’.
479 4241 511 4294 m)
527 4244 596 4284 Urbis
611 4254 666 4283 usus
682 4244 723 4284 02.
754 4240 1223 4294 n)p.sucaa.n.0.;r.sutp.ar.
1255 4241 1395 4293 o)sctA2.

275 4295 300 4349 p)
316 4302 394 4351 itaque
410 4300 456 4343 Al.
538 4300 562 4354 q)
583 4303 686 4343 Danihel
701 4302 747 4343 131.
829 4298 849 4351 r)
869 4301 1007 4342 Pariaicnsis
1023 4301 1065 4342 Rs.
1142 4300 1161 4352 s)
1184 4302 1268 4341 deinde
1284 4301 1332 4340 aa.
1351 4301 1396 4343 01.

275 4355 592 4410 t)oB1;obsst12;ob.
610 4361 654 4402 02.
742 4359 767 4411 n)
791 4360 874 4400 deinde
891 4361 937 4402 01.
1025 4359 1049 4412 v)
1066 4360 1335 4401 Coloniensisadd.
1352 4361 1397 4402 02.
