2934 4998
190 413 370 466 CHRONICI
389 414 551 466 RHYTHM.
572 414 815 468 COLONIENSIS
834 415 1065 468 FRAGMENTA.
1127 417 1179 468 sta

210 582 286 647 Vidi
308 583 476 681 pontifices
496 592 561 647 tres
582 605 647 647 una
670 581 863 664 Coloniensi,

211 666 337 731 Gesarrs
358 667 529 750 artifices1,
551 668 749 751 Maguntino,
771 667 970 749 Treverensi‚

208 757 396 836 Magnetes,
417 773 567 837 proceres
589 751 683 816 simul
705 751 852 817 abiurare
873 753 1012 837 rapinas,

152 850 187 899 50
209 834 261 899 Ad
283 836 371 919 leges
392 847 517 901 veteres
538 837 629 923 pacis
651 857 800 921 reparare
821 837 944 919 ruinas3

211 920 310 985 Urbis
331 921 512 1006 Agrippina
535 921 622 1006 quod
643 922 733 986 novit
754 920 838 986 sala²
861 920 991 1006 repleta.

212 1003 276 1069 Sed
299 1003 394 1068 celeri
416 1005 477 1069 fine
498 1005 559 1070 fuit
579 1004 640 1069 hec
661 1006 783 1070 iuracio
805 1015 921 1091 spreta.

208 1093 308 1159 llum
329 1111 388 1174 per
408 1088 549 1175 prelatos
571 1110 631 1154 nec
652 1089 721 1154 abit
742 1089 894 1154 mercatio
915 1098 993 1171 tuta,

210 1171 271 1237 Est
292 1172 375 1238 male
396 1185 540 1238 versatos
561 1183 727 1259 raptorum
749 1173 843 1239 turba
864 1183 982 1238 secuta.

153 1271 188 1322 ot
210 1256 342 1321 Aurifer
363 1268 395 1323 et
416 1259 556 1339 Rhenus,
579 1257 710 1344 speculo
733 1266 904 1340 crescente,
927 1259 1047 1346 rapinis

209 1340 263 1406 Fit
278 1343 341 1407 cito
357 1352 422 1407 tam
438 1341 562 1428 plenus,
578 1343 665 1429 quod
679 1365 739 1407 nec
754 1343 869 1407 modus
884 1352 932 1407 est
946 1367 1051 1430 neque
1066 1346 1148 1410 finis.

209 1431 338 1496 Postea
359 1427 482 1512 legatus
503 1427 560 1490 Hu
585 1437 625 1491 o³
647 1449 730 1514 pape
752 1437 921 1492 veneratus

209 1508 280 1574 Hos
303 1511 500 1596 obiurgatus,
523 1533 541 1575 c
576 1533 651 1598 pam
672 1511 844 1597 pandendo
866 1521 983 1594 reatus,

210 1593 369 1662 Monstrat
389 1597 533 1681 precisos
554 1617 574 1658 a
595 1618 681 1683 papa
701 1596 777 1661 talia
798 1598 895 1679 nisos,

151 1693 186 1742 60
215 1677 399 1746 Concordes
421 1681 509 1744 visos
531 1679 669 1747 absolvit
690 1681 828 1746 obindea
849 1683 979 1746 recisos.

212 1763 393 1836 Pontifices
416 1765 518 1829 dictos
540 1765 618 1829 facit
638 1766 786 1830 abiurare
808 1766 947 1851 rapinas,

212 1847 255 1911 Et
276 1849 322 1912 sic
343 1851 489 1914 astrictos
510 1859 620 1915 monet
639 1849 714 1914 inde
736 1852 847 1914 timere
869 1852 989 1915 ruinas.

212 1931 375 2012 Quidum
398 1933 553 2016 discessit,
576 1932 706 1998 morbus
728 1934 835 1998 radice
857 1937 1024 2018 recrescit3

210 2017 281 2080 Pax
303 2019 405 2103 patrie
428 2019 533 2100 cessit,
555 2019 668 2084 iterata
689 2020 803 2103 rapina
823 2019 962 2083 virescit.

154 2115 190 2164 65
212 2104 316 2172 Fiunt
337 2104 454 2187 peiora,
478 2102 555 2166 dum
577 2112 745 2189 sperantur
765 2100 906 2184 meliora,

211 2183 370 2251 Omnibus
385 2189 505 2272 absque
520 2209 625 2270 mora;
648 2186 764 2252 multos
779 2189 879 2253 nudat
892 2189 999 2254 brevis
1021 2188 1109 2273 hora,

209 2269 253 2334 Et
273 2292 337 2334 nou
358 2273 494 2336 maiores
516 2281 651 2354 tantum,
674 2272 731 2337 sed
753 2282 785 2338 et
804 2273 970 2337 inferiores

210 2355 309 2419 Fiunt
330 2366 487 2440 raptores3
511 2365 720 2443 corrumpunt
742 2358 875 2421 crimine
896 2379 1010 2422 mores.

208 2444 299 2509 Post
318 2439 377 2504 hec
398 2440 571 2505 adveniens
594 2464 653 2506 rex
673 2441 864 2522 Richardus,
887 2443 1048 2528 sapienter
1177 2465 1254 2506 rasa

153 2537 188 2586 70
211 2520 335 2588 Tollere
357 2525 421 2588 vim
445 2526 585 2610 cupiens,
607 2527 762 2612 nequiens
783 2548 918 2612 regnare
939 2538 1095 2611 potenter,

210 2607 344 2674 Invocat
365 2609 523 2672 auxilium
543 2631 637 2696 pape,
660 2611 747 2696 quod
770 2612 968 2697 spiritualem

209 2691 377 2757 Exercens
398 2693 539 2777 gladium
562 2695 651 2759 iuvet
671 2694 725 2760 illo
746 2695 952 2760 materialem.

209 2777 353 2848 Mandat
366 2801 451 2928 papa
465 2778 584 2862 volens,
607 2800 741 2878 magnos
755 2791 844 2844 vetat
858 2791 954 2879 atque
968 2779 1101 2928 pusillos

210 2861 386 2946 Vectigale,
432 2860 518 2927 olens
539 2885 644 2949 magls
666 2874 924 2929 excommumcat
944 2865 967 2928 il
980 2886 1025 2928 os.

150 2958 184 3007 75
208 2945 286 3025 Que'
299 2945 374 3011 licet
396 2958 443 3012 est
464 2947 529 3012 lata
551 2949 707 3013 sententia
727 2971 783 3013 seu
804 2948 977 3034 publicata,
998 2968 1001 2977 ·

209 3029 269 3095 Est
291 3030 458 3114 occultata,
480 3055 520 3098 ne
544 3036 608 3097 sint
629 3055 667 3096 ea
688 3034 760 3097 visa
782 3043 897 3112 vetata,

211 3119 294 3190 (lue
316 3115 403 3179 dedit
424 3126 456 3180 et
476 3126 597 3202 prestat
617 3117 730 3180 assisia
750 3138 815 3180 non
835 3116 1009 3198 moderata,

213 3197 286 3278 Qua
306 3200 377 3263 iusb
400 3200 528 3266 infestat
549 3224 600 3265 res
645 3201 753 3266 ublica
774 3201 873 3287 fitque
894 3210 1037 3285 gravata.

213 3282 248 3347 Si
270 3283 379 3368 presul
400 3286 520 3367 scisset,
544 3224 643 3372 quod)
653 3284 769 3349 abinde
790 3285 879 3350 suere
901 3285 1008 3348 futura

148 3381 184 3430 80
212 3367 364 3449 Pessima,
386 3372 555 3453 pressisset
575 3369 667 3451 hanc,
688 3392 748 3433 nec
771 3380 854 3435 esset
874 3370 1058 3451 nocitura⁰3

209 3451 253 3515 Et
275 3463 489 3539 quotcumque
511 3455 603 3518 malis
625 3453 714 3519 dedit
735 3464 767 3518 et
788 3454 909 3519 confert
930 3453 1089 3536 alimenta,

213 3535 313 3622 [Dum
335 3537 452 3624 fue]rat
472 3538 543 3605 talis
567 3541 703 3622 exactio,
725 3539 781 3604 dat
801 3549 1002 3604 nocumenta.

211 3806 304 3887 Quot
327 3808 464 3898 [pociJus
486 3811 591 3894 potuit
612 3811 680 3874 eius
704 3811 867 3896 sapiencia
888 3811 982 3874 victis
1188 3835 1253 3876 raso.

211 3891 358 3976 Parcere,
382 3916 453 3957 cum
475 3895 580 3979 potuit
601 3896 701 3980 signis
722 3897 870 3960 nocuisse
892 3894 1020 3976 relictis,

211 3976 339 4042 Pseudo
362 3980 506 4063 permisit
525 3990 633 4044 tamen
655 3979 732 4042 hasd
754 3978 898 4043 habitare
921 3979 1068 4042 scabinos

211 4060 340 4144 Partim,
365 4061 485 4126 dimisit
508 4063 551 4150 (l)
573 4064 668 4126 nimis
690 4063 761 4127 illos
783 4085 852 4128 esse
873 4062 1010 4148 lupinos.

64 4189 87 4243 a)
103 4191 136 4230 tta
150 4201 169 4233 c.
230 4189 254 4241 b)
271 4189 381 4236 Quamvis
397 4191 430 4230 ed.
491 4187 512 4240 c)
529 4190 652 4229 nocititnra
667 4200 684 4228 c.
746 4188 768 4239 d)
785 4189 817 4229 bia
831 4191 939 4240 seriptum,
955 4191 992 4229 scd
1006 4191 1097 4230 alteram
1112 4190 1177 4230 dcta

68 4286 96 4351 1)
114 4287 133 4338 i.
147 4303 169 4337 e.
184 4283 322 4354 electores?
360 4283 389 4350 2)
404 4283 471 4335 Salo
486 4284 620 4349 palatium
640 4291 676 4336 eat
694 4284 810 4352 episcopi
823 4285 953 4337 Coloniae.
974 4286 1009 4338 D.
1048 4284 1079 4352 3)
1092 4283 1177 4338 Annis

68 4358 257 4411 1251-1260.
283 4358 312 4409 ia
337 4357 377 4409 bia
395 4356 519 4423 partibus
537 4365 658 4412 versatas
678 4365 728 4420 est5
747 4358 897 4410 Lacomblct
915 4358 957 4420 ΙΙ,
978 4377 1010 4426 p.
1031 4361 1093 4414 376.
1113 4360 1177 4413 485.

65 4433 96 4500 4)
115 4435 157 4486 De
176 4432 254 4486 rebus
267 4449 299 4484 a.
323 4432 399 4483 1260.
420 4447 503 4483 sermo
525 4439 578 4495 θείς
596 4449 622 4482 a.
635 4432 733 4500 Hoqen
751 4451 777 4486 o.
801 4435 869 4483 1223
889 4450 944 4498 sqq.
