2942 4998
281 440 468 492 CHRONICA
487 441 600 492 REGIA
622 439 875 494 COLONIENSIS.
1055 443 1133 494 XXV

19 608 163 672 Martini
185 608 372 689 chronicon,
395 607 491 756 guod
518 611 734 690 continuavit,
763 609 915 674 adhibuit
943 633 1006 695 quo
1029 633 1068 674 ue
1091 613 1137 676 ad

21 714 99 776 opus
124 715 220 756 saum
242 695 393 757 instruen
413 714 472 755 ,am
497 692 783 759 Continuationem
799 694 993 779 pontificum
1048 717 1135 760 ama-

19 799 104 840 nam.
136 776 232 846 ,Alia
254 798 294 838 coc
316 777 562 842 continuatione
587 778 733 862 quadam
756 778 932 841 annalium
962 780 998 842 in
1021 802 1134 843 mona-

20 862 115 924 sterio
150 861 185 926 S.
216 860 429 924 Pantaleonis
458 863 656 946 scriptorum
688 871 795 926 sumta
858 863 991 926 utarim.
1047 861 1138 928 Sans

20 944 110 1007 haud
139 946 255 1030 euicui
281 946 387 1029 pretii
413 954 458 1008 est
486 947 693 1010 aestimanda
721 946 800 1010 haec
828 885 985 1029 historia,
1016 949 1138 1032 quippe

19 1050 99 1113 qaae
116 1051 184 1093 non
200 1029 303 1092 solum
327 1028 437 1093 adres
455 1028 658 1094 Colonienses
679 1030 843 1094 maliasco
868 1031 1059 1112 noscendas,
1082 1032 1138 1096 sed

19 1114 113 1177 etiam
145 1113 190 1176 ad
219 1112 445 1192 universalem,
473 1122 509 1176 ut
530 1116 579 1178 ita
602 1115 721 1193 dicam,
750 1054 876 1180 socordi
904 1116 1022 1179 decimi
1050 1116 1140 1180 tertii

1 1198 166 1260 ,creantis
188 1197 367 1280 decimique
389 1198 501 1282 quarti
529 1198 676 1261 ineuntis
704 1199 875 1263 historiam
904 1198 1138 1264 elucidandam

17 1278 136 1344 valeat.

100 1362 210 1428 Malta
239 1385 279 1425 eoo
309 1372 419 1428 nostro
453 1364 724 1449 deprompserunt
756 1365 919 1431 Chronico
940 1365 1138 1450 praesulum

20 1447 263 1513 Coloniensium
296 1457 325 1511 ct
355 1445 518 1512 Chronica
547 1451 756 1534 quorundam
784 1473 898 1537 reyum
932 1474 971 1514 ac
997 1452 1137 1536 impera·

18 1540 124 1595 torum
146 1532 382 1610 Romanorum,
411 1532 528 1617 quibus
555 1535 593 1596 in
616 1535 825 1600 restituendis
847 1534 953 1599 verbis
975 1556 1136 1600 nonnum·

39 1638 116 1680 uam
138 1617 188 1679 uti
214 1615 317 1680 licuit.
366 1615 473 1680 Versio
497 1615 698 1682 Germanica
724 1621 761 1683 in
785 1619 936 1684 chronico
957 1618 1139 1683 uernacula

16 1638 64 1762 itu
90 1723 137 1763 ua
164 1701 286 1784 scripto
310 1699 431 1763 codicis
453 1701 662 1766 Monacensis
686 1701 793 1766 (herm.
816 1726 868 1766 nr.
890 1703 962 1767 691.
984 1702 1105 1788 lenitur
1115 1715 1137 1767 ¹.

17 1723 161 1849 Soihiani
196 1783 368 1867 epistolam
400 1783 556 1850 Clementi
591 1786 623 1850 V.
657 1809 770 1870 papae
803 1787 960 1851 directam
998 1788 1139 1851 continet

17 1869 115 1932 etiam
137 1869 238 1932 eaden
260 1867 468 1932 bibliothecae
517 1873 665 1956 ymnasii
695 1871 740 1934 ad
763 1869 921 1935 Sanctum
944 1869 1138 1934 Marcellum

19 1949 184 2033 Coloniae,
206 1953 378 2038 siqnatus:
410 1891 516 2018 Cotti
537 1955 575 2016 in
597 1954 633 2018 4⁰
656 1976 707 2018 nr.
734 1954 803 2034 169,
831 1976 914 2018 saec.
936 1954 1022 2018 XIV.
1066 1955 1137 2019 Hac

18 2044 48 2099 et
71 2036 116 2100 ad
131 2036 361 2122 carricandum
376 2045 405 2099 et
421 2035 466 2100 ad
479 2035 700 2122 supplendam
714 2048 837 2103 tentiam
852 2039 974 2104 codicis
995 2037 1138 2103 Wihemo-

18 2121 124 2186 wiani
145 2142 225 2184 usus
248 2141 319 2183 sum
340 2121 506 2206 siquando
528 2143 600 2187 eam
621 2120 660 2190 2!
908 2185 913 2191 .

102 2205 193 2268 Haec
227 2205 296 2267 iam
326 2225 393 2268 uno
419 2204 583 2269 uolumine
616 2207 795 2270 coniuncta
822 2206 971 2274 omnibus
1005 2207 1063 2306 qui
1097 2207 1134 2272 in

17 2287 160 2352 historia
189 2290 255 2352 siae
286 2286 474 2353 Coloniensi
507 2293 574 2355 siue
604 2291 787 2356 uniuersali
817 2292 918 2357 medii
950 2313 1022 2355 aeos
1050 2299 1135 2355 trac-

16 2373 124 2436 tanda
146 2381 322 2437 versantur
342 2381 442 2457 qrata
455 2373 535 2458 fore
558 2373 694 2456 confido.

1 2503 46 2598 ἰ)
68 2533 107 2601 a.
129 2533 391 2588 ‘scaauuuuuu
432 2533 497 2587 asu
515 2535 575 2601 ΠΙ,
590 2553 621 2603 p.
642 2536 695 2588 scs
716 2535 754 2601 (1,
768 2554 799 2603 p.
817 2539 934 2603 canc).

99 2675 232 2740 Dabam
253 2675 406 2742 Berolini
429 2676 460 2741 d.
483 2676 533 2740 29.
553 2677 740 2743 Decembris
766 2677 856 2742 1879.

859 2833 897 2898 G.
920 2835 1053 2901 Waitz.
