2934 4998
89 400 278 454 CHRONIOA
291 402 403 453 Reum
418 400 671 454 COLONIENSIS.
693 401 796 453 CONT.
807 401 855 452 1v·.
873 401 1092 454 A.1233.1234.
1128 401 1181 454 265

60 569 179 634 iectus.
223 567 275 632 Ob
299 591 394 656 quarn
424 590 556 634 causam
585 570 682 634 i'rater
704 567 883 650 Ounradus‚
912 569 1006 634 huius
1034 591 1182 656 persecu-

59 653 162 718 tionis
183 653 393 720 hereticorum
416 654 570 735 minister,
598 657 619 717 a
641 653 835 740 quibusdam
859 653 1032 734 nobilibus,
1059 653 1181 718 nullum

60 736 172 802 locum
194 739 306 802 venie⁸
328 737 380 802 vel
410 735 512 823 gratie
544 737 632 824 apud
663 738 771 823 ipsum
803 738 1057 818 invenientibus,
1091 739 1183 804 iuxta

59 821 220 908 Marburg
242 832 291 886 est
312 823 438 886 occisus
448 835 468 884 ¹.
512 823 598 886 Ante
619 822 710 886 ouius
725 831 860 886 mortem
875 822 1001 886 modico
1016 833 1182 909 tempore¹

62 927 174 973 comes
191 907 371 972 Scinensis³
393 929 491 992 super
503 906 608 972 heresi
628 904 709 970 falso
724 907 785 970 fuit
801 906 985 990 infamatum
1007 928 1065 992 pro
1090 909 1182 972 cuius

61 991 301 1077 expurgatione
324 1013 382 1055 seu
402 991 587 1055 defensione
615 1013 676 1054 rex
697 990 868 1055 Heinricus
891 1002 1082 1056 conventum
1104 989 1182 1055 mul-

61 1087 172 1141 torum
193 1076 377 1161 principum
392 1075 481 1162 apud
494 1075 549 1140 Ma
572 1074 701 1138 unciam
716 1073 845 1158 habuit3
867 1075 925 1139 ubi
939 1077 1035 1141 etiam
1050 1074 1184 1140 collecta

61 1158 197 1240 milicia,
229 1160 314 1225 idern
335 1182 394 1224 rex
416 1171 528 1224 contra
549 1098 667 1223 ducem
689 1159 856 1223 Bawarie⁴
877 1160 1100 1246 proficiscitur.
1143 1161 1182 1224 In

60 1245 188 1329 campis
210 1245 318 1331 itaque
341 1243 410 1307 Lici
435 1264 527 1309 secus
544 1244 745 1328 Augustamb
767 1243 833 1308 fere
856 1266 914 1308 sex
936 1243 1024 1308 milia
1045 1243 1182 1308 militum

57 1329 95 1392 in
118 1329 263 1392 exercitu
285 1328 372 1414 regio
401 1337 474 1392 sunt
501 1329 639 1393 inventa.
683 1327 763 1392 lnde
791 1328 963 1414 profectus,
991 1329 1082 1393 brevi
1103 1339 1181 1394 tem-

58 1434 144 1499 pore
168 1413 390 1477 Baowariam⁰
411 1413 563 1498 subiugat
591 1421 623 1477 et
649 1411 763 1476 ducem
784 1413 819 1475 in
841 1412 1035 1478 deditionem
1057 1414 1180 1498 recipit.

151 1496 256 1582 [Hocd
284 1518 368 1561 anno
397 1497 509 1561 messis
538 1507 569 1561 et
594 1496 756 1560 vindemia
784 1496 845 1561 fuit
876 1496 1038 1583 pluviosa3
1069 1498 1181 1561 vinum

58 1578 247 1667 plurimum,
277 1581 334 1646 sed
356 1579 427 1644 vile.
513 1577 753 1646 Willebrandus
775 1582 946 1668 episcopus
967 1582 1182 1646 Traiectensis

59 1665 207 1730 moritur.
252 1736 255 1742 ,
292 1665 417 1729 Eodem
440 1687 523 1728 anno
546 1665 660 1812 bpems
687 1663 779 1728 solito
806 1667 952 1751 asperior
971 1666 1130 1731 inhorruit
1150 1676 1182 1730 et

58 1748 180 1814 multas
215 1750 336 1830 vineas,
373 1750 453 1814 ficus
489 1759 521 1814 et
553 1750 652 1812 oivus
686 1771 744 1834 per
775 1749 910 1830 Italiam,
942 1750 1114 1814 Franciam
1150 1760 1182 1816 et

58 1834 256 1898 Teutoniam
279 1832 467 1919 congelavit.
551 1833 649 1919 Apud
664 1832 916 1898 Frankenvorde
939 1845 1045 1899 autem
1068 1833 1180 1898 eodem

58 1940 139 2004 rege
155 1917 361 2004 sollempnem
377 1919 499 1982 curiam
513 1916 681 2000 habente⁵,
696 1939 803 1982 eomes
816 1918 997 1983 Seinensisf
1012 1941 1031 1983 a
1048 1919 1180 1982 crimine

57 2001 183 2068 heresis
205 2026 239 2068 se
262 2003 444 2090 expurgat}

434 2106 551 2168 Anno&
572 2105 705 2168 Domini
729 2106 820 2171 1234.

148 2186 290 2254 Verbum
320 2191 422 2254 crucis
456 2189 639 2274 predicatur
666 2201 779 2255 contra
802 2188 995 2273 Stadingosh
1021 2211 1079 2274 per
1101 2189 1178 2253 infe-

58 2275 163 2339 riores
184 2283 292 2358 partes
307 2274 466 2338 Teutonie
488 2284 518 2338 et
530 2272 691 2340 Flandrie.
735 2272 877 2339 Oollecto
899 2274 1005 2358 itaque
1028 2274 1178 2338 universo

60 2360 208 2424 exercitu
237 2379 332 2424 cruce
369 2359 577 2443 signatorum,
608 2358 642 2420 in
669 2359 807 2424 crastino
837 2358 1053 2421 ascensionis⁶
1089 2359 1178 2422 idem
1189 2377 1239 2420 rm.
1249 2379 1269 2421 a.

60 2442 233 2528 Studingi¹¹
261 2452 451 2528 superantur
483 2451 515 2506 et
541 2465 561 2506 a
589 2451 675 2506 terra
705 2464 763 2508 sua
793 2441 936 2506 funditus
968 2443 1178 2526 extirpantur.

58 2528 208 2592 Fuerunt
227 2538 334 2592 autem
347 2527 509 2612 Stadingii
528 2524 640 2612 poprdi
660 2528 693 2589 in
716 2527 855 2592 confinio
870 2527 973 2591 Frisie
994 2527 1179 2592 etSaxonie

61 2612 127 2693 siti,
148 2610 319 2697 paludibus
341 2612 436 2675 inviis
459 2622 491 2676 et
505 2610 692 2676 fluminibus
715 2611 944 2692 circumcincti,
964 2613 1019 2696 qui
1037 2633 1096 2697 pro
1114 2613 1179 2675 suis

61 2695 249 2761 excessibus
281 2705 313 2760 et
344 2695 615 2760 subtractionibus
642 2694 839 2760 decimarum
868 2695 975 2760 multis
1004 2697 1095 2760 annis
1126 2719 1179 2761 ex-

61 2781 307 2860 communicati,
340 2788 576 2865 contemptores
607 2777 744 2844 clavium
777 2779 911 2845 ecclesie
944 2788 1016 2844 sunt
1048 2781 1179 2845 inventi.

62 2864 129 2945 Qui
152 2886 225 2928 eum
247 2873 351 2928 essent
366 2864 427 2928 viri
449 2864 600 2945 strennui,
623 2863 746 2928 vicinos
765 2863 911 2950 populos,
933 2867 1031 2929 immo
1047 2865 1179 2930 comites

63 2959 97 3013 et
119 2949 228 3034 episco
254 2971 289 3012 os
311 2947 394 3013 bello
415 2947 534 3033 pluries
556 2957 631 3012 sunt
652 2949 806 3033 aggressi,
836 2971 912 3046 sepe
933 2949 1079 3030 victores,
1107 2971 1178 3012 raro

61 3033 150 3097 victi.
195 2971 251 3098 Ol
279 3055 375 3118 quam
403 3054 533 3097 causam
560 3035 749 3097 auctoritate
778 3032 886 3117 papah
913 3033 1046 3096 verbum
1074 3033 1178 3097 crucis

62 3128 174 3181 eontra
196 3139 250 3181 eos
272 3117 332 3181 fuit
352 3139 409 3202 per
430 3115 545 3182 multas
561 3116 714 3202 dyoceses
730 3115 940 3202 predicatum.
978 3116 1123 3196 Quorum
1145 3117 1179 3179 in

61 3202 207 3288 predicto
235 3200 318 3266 bello
343 3201 489 3266 circiterl
520 3201 584 3265 duo
612 3200 701 3264 milia
727 3202 901 3286 perierunt,
930 3201 1042 3285 paucis
1071 3222 1178 3286 super·

62 3285 190 3350 stitibus
212 3285 254 3349 ad
275 3285 397 3350 vicinos
419 3286 569 3350 Frisones
592 3283 858 3370 confugientibus.

146 3371 325 3456 Imperator
346 3378 478 3434 vocatur
499 3373 520 3432 a
539 3391 625 3456 papa
646 3371 679 3432 in
702 3367 856 3432 auxilium
879 3376 991 3432 contra
1005 3367 1177 3448 Romanos,

61 3463 93 3518 et
126 3475 237 3518 secum
269 3454 475 3540 aliquandiu*
501 3454 614 3519 Reate¹
647 3464 802 3535 moratur,
836 3451 951 3516 milites
983 3453 1017 3515 in
1049 3452 1178 3516 civitate

60 3537 236 3603 Viterbiom
258 3538 436 3603 collocavit.
470 3538 614 3619 Quorum
631 3537 799 3602 cotidianis
820 3535 991 3601 insultibus
1013 3545 1044 3601 et
1066 3536 1178 3622 depre-

60 3621 245 3687 dationibus
273 3623 410 3687 Romani
444 3623 524 3688 adeo
552 3633 628 3688 sunt
654 3623 780 3704 vexati,
816 3632 851 3686 ut
883 3642 946 3684 non
977 3619 1076 3684 multo
1105 3631 1179 3705 post

61 3838 84 3891 ι)
102 3851 115 3881 e
132 3851 147 3879 v
162 3851 173 3880 c
187 3852 244 3883 corr.
260 3841 309 3882 Bl.
345 3840 370 3894 b)
386 3841 515 3890 Augustum
531 3841 603 3892 011,
619 3852 676 3882 corr.
688 3839 815 3888 Augustam
831 3840 877 3880 Bl.
923 3836 944 3889 c)
958 3840 1087 3879 Baeturiam
1104 3839 1176 3880 01.2.

61 3898 85 3950 d)
101 3900 152 3940 Hoc
168 3910 229 3941 enno
239 3921 265 3930 -
275 3910 300 3942 ee
316 3902 489 3951 expurgatione
504 3901 630 3948 oraoaB13
646 3901 722 3940 dmum
738 3899 847 3948 132.Fr.;
862 3903 945 3938 mrum
961 3898 1031 3942 012.
1071 3897 1092 3950 e)
1106 3899 1177 3938 Fran·

60 3959 147 3999 kinnor
163 3961 207 4000 01.
243 3956 373 4010 ilsetnen.
391 3960 431 4000 01.
469 3956 492 4010 g)
507 3959 534 4002 Δ.
546 3960 574 4000 D.
592 3960 658 4001 1284.
675 3960 721 3998 alia
736 3970 803 3998 manu
818 3959 843 3998 iu
857 3959 903 3997 loro
918 3968 970 3996 ruso
985 3958 1032 3998 Bl.
1070 3956 1093 4008 h)
1110 3958 1142 3996 ita
1151 3957 1178 4006 0‚·

60 4016 167 4067 stagrng.
185 4019 230 4059 Bl.
307 4017 324 4070 1)
340 4020 372 4058 ica
387 4019 409 4059 t.
426 4019 440 4059 t.
464 4019 527 4059 etiam
542 4019 591 4058 Bl.
666 4017 691 4069 k)
708 4018 737 4057 ad
760 4019 809 4057 add.
826 4018 862 4058 sed
882 4017 921 4056 del.
938 4016 984 4056 Bl.
1059 4015 1076 4066 l)
1092 4017 1116 4056 in
1132 4017 1177 4056 loco

60 4088 112 4117 raro
129 4077 149 4116 B
160 4079 180 4117 1.
240 4076 271 4129 m)
288 4078 392 4119 Biterbio
409 4079 451 4128 023
472 4077 583 4129 Byterblo
600 4077 641 4117 01.

65 4262 93 4331 1)
112 4264 166 4316 rur.
186 4233 233 4316 eo.⁸
289 4265 319 4332 r)
339 4264 392 4315 ru.
414 4265 457 4316 rs.
534 4263 563 4332 3)
581 4263 735 4317 Haterius.
805 4261 835 4328 r)
858 4261 982 4313 cuonem.
1051 4261 1080 4330 e)
1099 4260 1177 4313 Anno

64 4337 141 4402 1234,
152 4337 230 4390 Febr.
269 4336 298 4404 6)
313 4336 404 4404 potius
415 4337 441 4390 d.
454 4339 497 4389 27.
509 4336 592 4400 Maiu-
604 4358 630 4392 υ.
640 4337 827 4400 Sobumuolrer,
842 4334 903 4402 ‘Die
914 4332 1060 4403 Studiuqer'
1066 4353 1097 4402 p.
1110 4335 1175 4387 242.

64 4410 91 4476 t)
110 4427 190 4464 meur.
210 4411 274 4464 qu.
293 4417 318 4464 et
336 4411 391 4462 Iul.
