2944 5002
270 395 324 445 340
386 395 436 446 EX
455 397 550 449 mss.
570 396 852 450 EXPEDITIONUM
871 397 911 448 IN
929 397 1079 450 TERRAM
1098 393 1275 450 SANOTAM.

195 563 526 629 nudesiderantibus
563 563 650 650 apud
675 563 872 650 Vlerdingen
901 567 1087 652 congregati
1120 577 1203 630 sunt.
1263 565 1387 645 Quarto

269 648 368 733 igitur
387 648 461 713 Kal.
476 649 561 713 Iunii
583 649 659 713 dicti
680 650 745 714 iam
767 651 930 736 peregrini
952 673 985 715 se
1008 661 1039 715 et
1061 672 1119 714 sua
1132 650 1205 714 Deo
1229 671 1387 715 commen-

269 733 392 816 dantes,
423 734 576 820 oppansis
597 732 677 798 velis
707 756 781 797 eum
804 737 954 800 trecentis
975 735 1041 799 fere
1063 735 1199 799 navibus
1220 732 1275 797 leti
1298 755 1388 798 mare

269 816 499 898 conscendunt,
521 818 685 882 venientes
708 839 748 883 ue
768 818 810 883 ad
829 829 959 904 portum
980 817 1097 904 Anglie
1116 819 1171 904 qui
1192 817 1387 882 Dirthmude

269 901 397 984 dicitur,
414 901 613 967 Willelmum
635 839 822 966 Hollensem
852 904 1002 968 comitem
1024 905 1058 966 in
1080 903 1245 967 dominum
1267 902 1387 966 milicie

268 988 481 1052 communiter
502 987 690 1072 suscipiunt,
712 988 772 1052 sub
796 1010 859 1074 quo
880 987 967 1088 leges
988 998 1020 1052 et
1033 1010 1118 1052 nova
1139 988 1209 1050 iura
1232 985 1273 1051 ob
1295 988 1387 1073 pacis

268 1069 504 1135 observantiam
538 1081 613 1135 sunt
645 1079 773 1135 statuta.
828 1073 943 1138 Teroro
972 1072 1054 1136 Non.
1088 1070 1233 1136 eiusdem
1264 1072 1386 1136 mensis

292 1157 459 1220 erveniunt
487 1155 528 1219 ad
557 1177 645 1218 mare
667 1155 899 1238 Britannicum,
928 1156 986 1220 ubi
1012 1157 1096 1221 inter
1116 1179 1156 1220 ru
1180 1179 1215 1220 es
1241 1156 1276 1219 in
1305 1156 1387 1219 mari

266 1177 416 1304 latentesa
448 1241 539 1303 navis
567 1239 607 1304 de
630 1239 816 1304 Monnheim
849 1241 1012 1306 confracta
1034 1251 1091 1306 est.
1135 1179 1231 1305 llbde
1252 1239 1386 1327 reliquis

266 1324 403 1388 navibus
425 1323 581 1389 anchoras
608 1326 643 1388 in
663 1326 907 1411 Fine-posterna
933 1325 1020 1411 apud
1043 1325 1199 1390 Sanctum
1220 1324 1387 1390 Matheum

267 1406 450 1492 figentibus,
483 1408 628 1473 homines
657 1409 770 1472 naufra
793 1409 827 1472 ib
856 1433 915 1496 per
946 1409 1038 1474 batos
1071 1408 1111 1472 de
1140 1432 1231 1494 rupe,
1267 1422 1387 1495 quam⁰

266 1493 487 1574 ascenderant,
509 1503 582 1557 sunt
604 1493 721 1558 educti.
794 1494 846 1558 inc
868 1495 1059 1580 perveniunt
1080 1492 1122 1557 ad
1135 1503 1265 1580 portum
1283 1495 1387 1559 Phare

265 1577 299 1639 in
322 1599 421 1662 regno
436 1577 640 1662 Legienensi.
683 1577 734 1643 Ibi
747 1600 846 1642 naves
869 1581 901 1641 in
915 1589 1010 1664 portu
1024 1577 1250 1665 relinquentes,
1273 1587 1388 1664 petunt

265 1658 376 1724 limina
409 1661 541 1747 gloriosi
576 1661 713 1809 apostoli
745 1661 856 1726 Iacobi
892 1663 926 1726 in
959 1662 1184 1750 Compostella.
1233 1664 1316 1728 Item
1353 1665 1387 1727 in

163 1758 257 1803 aare.
266 1747 420 1830 martyrio
436 1747 524 1811 Petri
545 1755 577 1810 et
619 1746 684 1809 auli
698 1767 795 1812 naves
816 1757 1014 1832 repetrmtur,
1037 1757 1068 1811 et
1088 1770 1177 1812 mare
1198 1747 1387 1814 ascendunt.

266 1829 333 1896 Ubi
356 1840 424 1895 orte
444 1838 632 1915 tempestate
648 1831 826 1915 sevissima,
850 1844 995 1917 separate
1010 1842 1085 1896 sunt
1098 1853 1207 1914 naves,
1230 1841 1263 1896 et
1279 1852 1385 1897 comes

265 1913 482 1979 Hellaniensis
503 1925 632 2000 portum
654 1916 746 2000 petiit
776 1937 849 1979 oum
876 1915 1023 2001 pluribus
1052 1916 1190 1981 navibus
1220 1917 1254 1980 in
1284 1939 1385 2002 regno

265 1999 365 2062 Portu
388 1998 498 2072 elensi,
520 1999 554 2062 in
576 1999 668 2063 cuius
690 2000 822 2064 introitu
843 2011 908 2066 tres
923 2023 1020 2065 naves
1035 2001 1133 2065 fracte
1149 2010 1232 2066 sunt.
1267 2002 1385 2066 Comes

264 2104 341 2147 vero
364 2022 403 2148 de
421 2082 518 2148 Wide
542 2104 614 2146 oum
630 2083 761 2233 relirlpuis
776 2085 912 2149 navibus
933 2086 1063 2150 intravit
1076 2094 1205 2170 portum
1221 2088 1255 2148 in
1271 2086 1384 2150 eodem

265 2188 377 2251 regno.
419 2167 547 2233 Deinde
576 2169 664 2232 circa
708 2169 768 2233 dus
795 2169 870 2232 Iulii
898 2171 1048 2254 graviora
1075 2169 1172 2252 passi,
1201 2169 1385 2254 parcialiter

264 2252 385 2316 intrant
405 2261 533 2338 portum
545 2251 820 2318 Ulixibonensem.
854 2253 914 2318 Est
935 2254 1020 2317 enim
1042 2253 1241 2318 Ulixibona‘l
1263 2255 1386 2340 optima

266 2336 381 2401 civitas
402 2337 436 2400 in
457 2347 566 2402 monte
588 2337 658 2415 sita,
680 2339 714 2401 in
736 2359 774 2401 eo
797 2337 917 2402 scilicet
938 2337 1018 2413 loeo,
1044 2337 1100 2401 ubi
1123 2338 1279 2403 auriferus
1302 2338 1384 2403 Tha-

289 2434 348 2484 us1
371 2421 453 2484 mari
475 2420 667 2486 occidentali
688 2420 866 2506 copulatur.
909 2421 1004 2486 Hanc
1026 2423 1189 2486 civitatem
1204 2424 1385 2487 construxit

264 2443 389 2587 lssixes,
422 2527 496 2569 cum
524 2528 544 2569 a
570 2506 669 2569 Troia
700 2517 774 2592 post
801 2508 870 2570 eius
899 2506 1147 2571 destructionem
1175 2506 1382 2572 discessisset.

264 2589 359 2652 Nunc
385 2599 492 2655 autem
521 2589 567 2654 ibi
587 2599 758 2655 veneratur
778 2588 865 2656 beati
892 2611 1010 2677 corpus
1037 2591 1199 2655 Vincentii
1227 2589 1327 2656 levite
1352 2601 1384 2656 et

265 2675 416 2738 martiris.
460 2672 544 2738 Oum
570 2677 680 2760 itaque
707 2674 786 2743 dieti
814 2678 879 2739 iam
907 2694 1001 2738 cruce
1030 2676 1148 2740 simati
1176 2697 1235 2760 per
1261 2674 1384 2762 aliquot

265 2757 334 2823 dies
356 2759 390 2821 in
410 2757 472 2822 hoo
493 2758 565 2823 loco
586 2769 794 2839 morarentur,
817 2767 1024 2844 expectantes
1046 2727 1125 2824 alias
1145 2781 1253 2841 naves,
1277 2781 1382 2826 acces-

265 2851 375 2907 serunt
402 2842 442 2907 ad
473 2865 528 2907 eos
557 2843 695 2908 Severus
723 2844 893 2928 episcopus
923 2842 1175 2922 Ulixibonensis,
1209 2845 1382 2930 eiscopus

264 2925 451 3008 Eborensis,
473 2926 631 2991 Martinus
654 2926 896 2991 commendator
917 2927 1036 2992 milicie
1058 2928 1097 2992 de
1116 2867 1265 3012 Palmeld,
1289 2929 1382 2994 Tem-

263 3009 367 3097 plarii,
395 3009 607 3097 Hospitalarii
635 3033 708 3075 cum
736 3010 806 3076 aliis
835 3010 1007 3092 nobilibus,
1037 3034 1111 3076 suas
1139 3012 1185 3076 eis
1214 3015 1381 3078 continuas

263 3095 485 3161 tribulationes
515 3105 547 3160 et
577 3096 740 3180 angustias
772 3118 814 3160 ex
840 3097 942 3159 nimia
966 3097 1102 3160 viciniae
1132 3097 1381 3162 sarracenorum

262 3179 510 3244 lamentabiliter
536 3189 743 3264 exponentes,
780 3180 1039 3266 asserebantque,
1074 3191 1213 3246 castrum
1246 3205 1317 3247 esse
1349 3182 1383 3246 in

262 3263 385 3328 foribus
410 3265 555 3350 ipsorum
581 3286 601 3327 a
628 3263 813 3329 Sarracenis
839 3264 1070 3348 inhabitatum,
1099 3266 1203 3352 quodr
1229 3266 1382 3348 Alkarez,

263 3347 366 3413 idest
387 3351 529 3413 omnium
546 3370 662 3429 carcer,
690 3348 825 3432 dicitur,
852 3371 872 3412 a
892 3370 956 3434 quo
977 3348 1112 3420 fuissent
1135 3349 1208 3415 olim
1239 3353 1382 3417 cristiani

263 3431 420 3498 violenter
441 3434 534 3499 eiecti
556 3444 587 3498 et
609 3433 777 3520 captivati3
806 3433 970 3515 addentes,
999 3433 1061 3498 hoc
1083 3444 1223 3498 castrum
1245 3436 1279 3499 in
1305 3458 1381 3521 pen-

263 3519 377 3581 sione&
406 3516 448 3581 ad
476 3517 561 3582 mille
591 3518 718 3602 capitah
740 3519 964 3584 cristianorum
986 3540 1045 3583 suo
1072 3520 1141 3604 regi
1169 3518 1209 3583 de
1231 3519 1381 3584 Marroch

263 3600 397 3687 singulis
419 3602 510 3665 annis
532 3624 601 3665 esse
623 3600 809 3686 obligatum.
862 3601 916 3666 Sic
940 3605 1000 3666 ue¹
1015 3605 1184 3688 petierunt,
1206 3612 1243 3667 ut
1263 3605 1382 3669 intuitu

263 3687 411 3750 cristiane
433 3685 491 3750 reli
515 3685 596 3748 ionis
618 3684 659 3748 ab
682 3684 794 3748 incolis
817 3623 998 3750 huiusloci
1019 3685 1127 3751 valida
1148 3709 1247 3750 manu
1270 3689 1303 3752 di
1350 3711 1381 3751 a·

262 3779 372 3834 rentur
394 3791 448 3834 eos
470 3709 616 3848 liberare,
644 3790 720 3833 cum
749 3769 811 3834 hoc
834 3782 975 3836 castrum
997 3783 1079 3837 esset
1101 3771 1200 3835 clavis
1228 3781 1259 3836 et
1281 3795 1301 3836 a
1325 3774 1381 3836 mi·

262 3853 363 3918 rabile
392 3855 590 3918 incentivum
619 3855 735 3918 erroris
767 3856 863 3918 totius
886 3855 1053 3940 Hispanis.
1096 3854 1149 3919 Ad
1175 3856 1235 3920 bec
1263 3857 1382 3942 prefati

261 3940 406 4021 comites,
433 3936 564 4002 oonsilio
592 3960 666 4002 cum
689 3937 835 4002 discretis
856 3940 933 4004 viris
955 3939 1075 4020 habito,
1103 3939 1261 4005 discentes
1284 3943 1380 4006 etiam

263 4135 287 4189 a)
296 4138 422 4179 latentibus
436 4151 453 4180 s.
483 4135 609 4189 blnafragt
624 4149 681 4180 corr.
697 4138 805 4188 naufragi
820 4151 837 4179 c.
871 4137 950 4191 oport
964 4141 988 4179 tn
1003 4151 1072 4189 marg.
1088 4141 1185 4189 suppar.
1216 4139 1327 4193 d)Ulixb.
1343 4145 1381 4182 tor

261 4197 309 4236 loco
324 4209 342 4239 c.
404 4196 425 4248 e)
442 4197 519 4238 vicina
534 4209 552 4238 c.
584 4195 651 4248 Otia
665 4199 746 4247 script,
761 4199 798 4238 scd
812 4200 874 4239 semet
888 4200 976 4238 delatam
991 4211 1010 4239 α.
1042 4197 1065 4250 g)
1079 4193 1205 4249 {pensione
1221 4212 1239 4242 c.
1270 4199 1379 4253 blcapite

261 4267 322 4296 corr.
332 4257 408 4306 capita
423 4268 440 4298 c,
500 4254 518 4307 i)
535 4254 606 4305 sique
621 4268 677 4300 corr.
694 4256 778 4306 sieque
794 4269 811 4299 c.

218 4445 221 4452 .
265 4402 294 4469 1)
316 4403 355 4470 CJ.
375 4421 480 4456 carmen
494 4423 525 4471 p.
545 4408 608 4470 350,
628 4425 653 4458 o.
674 4409 721 4458 ὅδε
741 4407 857 4458 Auriferi
876 4408 980 4474 reliqua
999 4408 1092 4462 elassis
1122 4412 1190 4478 petit
1214 4414 1284 4464 ostia
1302 4412 1378 4479 Tagi.
