2934 4998
187 381 365 434 CHRONICI
384 383 546 434 RHYTHM.
568 383 808 437 COLONIENSIS
828 385 1058 437 FRAGMENTA.
1120 386 1173 436 aot

205 549 366 614 Turbatur
386 559 471 615 terra
490 551 594 616 Rheni
615 575 673 638 per
695 551 808 617 bellica
829 552 917 618 dure.

203 635 470 718 maguntinensis
491 635 552 701 fert
573 635 680 701 hostes
702 636 894 719 anteriores3

203 718 450 804 Agrippinensis
473 741 600 806 quoque
623 721 757 785 sustinet
776 720 954 803 inferiorem

145 816 182 866 45
207 801 295 866 Gens
316 802 394 867 furit
414 805 448 866 in
493 813 615 886 entem3
638 802 862 869 contradicunt
884 805 945 869 sibi
965 805 1068 887 turbe,

204 886 300 951 Flens
322 889 390 972 agit
411 890 444 950 in
464 826 608 971 dentem
629 898 703 953 sunt
722 899 829 974 partes
853 888 994 975 qualibet
1015 889 1103 954 urbe.

206 971 331 1048 Quivis
352 973 488 1036 invitata
509 994 684 1059 vassosque
705 972 944 1056 ministeriales3

204 1055 375 1120 Proximus
397 1057 500 1122 irritat
519 1058 642 1121 vicinos
663 1065 759 1142 atque
781 1055 921 1139 sodales,

206 1138 324 1203 Omnia
346 1140 525 1222 turbantur,
548 1163 641 1206 nemo
665 1162 796 1206 securus
819 1141 964 1224 habetur,

149 1235 183 1285 50
205 1223 301 1287 Pravi
322 1223 495 1306 lucrantur,
516 1227 607 1289 iustis
630 1248 689 1290 nec
711 1235 824 1311 treuga
845 1235 980 1291 tenetur.

205 1309 298 1384 Quis
320 1307 410 1372 dolor
431 1311 580 1396 antiquus
604 1319 700 1396 queat
721 1310 805 1374 hunc
826 1332 944 1396 equare
966 1309 1134 1375 dolorem?

204 1391 294 1455 Dum
315 1414 376 1456 nec
397 1393 552 1478 pacificus
575 1403 625 1458 est
646 1395 748 1458 maior
769 1393 810 1458 ad
832 1393 1023 1478 inferiorem,

203 1476 317 1540 Frater
339 1476 406 1542 odit
427 1478 567 1561 tranem,
588 1501 654 1542 non
674 1479 777 1563 parcit
797 1478 919 1543 amicus
941 1480 1054 1562 amice,

203 1558 306 1624 Pilius
328 1561 362 1623 in
383 1572 507 1647 patrem
528 1563 612 1646 gerit
632 1583 730 1644 arma,
753 1563 878 1629 favetur
898 1563 1020 1648 iniquo.

147 1694 181 1743 55
246 1682 399 1751 Tandem
423 1685 618 1747 conveniunt
636 1685 687 1748 vir
708 1692 744 1747 ut
764 1705 846 1748 unus
869 1683 1042 1765 cesareani,

203 1764 342 1830 Perdere
364 1767 550 1852 concipiunt
570 1777 687 1832 terram
708 1766 945 1857 metropolitani

203 1848 462 1935 Agrippinensis,
485 1851 573 1936 opidi
595 1853 662 1916 sevi
683 1852 912 1916 Veronense·

201 1932 295 1998 Facti
315 1934 483 2020 predones,
504 1937 606 2020 patrie
629 1957 756 2021 quoque
777 1933 973 2021 vispiliones.

204 2021 358 2104 (tumque
380 2020 445 2083 suis
468 2021 556 2086 urbis
577 2019 725 2084 intrando
747 2018 902 2084 suburbia
922 2016 1025 2083 turbis

148 2117 184 2164 60
207 2100 326 2166 Omnia
345 2101 515 2168 vastabant
536 2126 800 2190 possessoresque
821 2101 985 2188 fugabant,

201 2184 343 2250 Horrida
362 2187 506 2253 fecerunt
527 2204 559 2252 et
579 2189 688 2252 multis
709 2189 849 2273 dampna
870 2186 1035 2270 dederunt,

202 2269 287 2335 Raro
309 2282 523 2357 pepercerunt
544 2273 656 2354 sacris3
678 2274 787 2338 miseri
807 2274 978 2359 perierunt.

203 2353 290 2418 Inde
314 2378 372 2420 suo
396 2357 500 2442 capite
523 2356 655 2422 ductore
677 2357 782 2422 redire
802 2356 947 2422 volentes

201 2438 349 2503 Prodicto
372 2441 498 2522 comite,
520 2440 619 2504 nichil
639 2441 766 2506 adversi
787 2450 976 2522 metuentes,

147 2536 183 2586 65
204 2522 293 2586 Dum
316 2525 361 2589 sic
383 2526 519 2610 grassati
540 2525 676 2591 redeunt
696 2524 805 2611 spoliis
826 2525 979 2605 honerati,

204 2605 381 2693 Castraque
403 2611 514 2674 metati
535 2605 641 2691 Brtle,
663 2619 850 2695 pernoctare
871 2610 990 2695 parati:

202 2691 286 2756 Illos
306 2691 447 2778 prelatus
469 2703 636 2779 soporatos
657 2694 885 2792 premeditatus

202 2777 322 2842 Visitat
342 2787 492 2860 armatus,
513 2780 559 2842 ita
572 2777 694 2842 milicia
714 2781 893 2861 comitatus,

203 2859 298 2943 Quod
319 2861 458 2947 populus
480 2870 597 2927 stratus
619 2863 689 2944 fuit,
712 2873 744 2927 et
765 2883 870 2928 comes
892 2873 964 2928 ante
985 2864 1123 2948 fugatus.

148 2959 183 3007 70
205 2945 270 3027 Qui
290 2947 390 3030 gemit
411 2947 511 3011 iratus
533 2955 565 3011 et
586 2947 721 3032 turpiter
742 2945 952 3031 exspoliatus3

202 3036 270 3101 Est
289 3029 471 3112 infamatus,
494 3053 552 3116 per
573 3053 647 3095 eum
668 3030 755 3116 quod
777 3031 818 3094 sit
838 3031 1024 3113 trucidatus,

202 3113 364 3197 Traditus,
387 3113 517 3179 orbatus
539 3116 708 3197 exercitus,
723 3115 821 3178 immo
843 3123 1004 3200 gravatus.

144 3379 178 3428 75
202 3367 277 3439 §ed
299 3365 430 3452 quidam
450 3378 544 3431 notus
565 3368 615 3430 vir
636 3367 777 3452 prudens
798 3376 895 3451 atque
917 3365 1019 3431 fidelis

203 3451 329 3537 Capto²
353 3450 497 3533 devotus,
519 3449 627 3516 multis
649 3451 739 3515 dives
763 3473 803 3515 ue
825 3449 972 3536 sequelis,

201 3536 297 3600 Hunc
318 3533 420 3599 voluit
441 3555 565 3620 capere,
587 3537 642 3621 qui
659 3556 722 3682 pro
741 3473 873 3599 domino
894 3534 1076 3619 veniebat³‚

202 3617 298 3700 Quod
319 3619 424 3704 potuit
443 3618 557 3700 facere,
581 3621 637 3684 sed
682 3629 821 3684 etentore
844 3620 982 3684 carebat.

203 3705 247 3776 §i
270 3725 386 3766 consan
412 3704 549 3767 wineum
572 3703 713 3768 fidumve
736 3704 797 3769 sibi
818 3705 999 3789 reperisset,

145 3801 181 3850 80
205 3787 332 3853 Cesaris
353 3809 374 3872 y
400 3808 516 3852 oneum
537 3788 656 3873 pignus
677 3797 787 3851 natum
809 3789 972 3871 tenuisset,

202 3871 256 3954 Ut,
279 3873 334 3957 qui
356 3873 519 3958 captivum
542 3871 706 3936 dominum
728 3873 774 3936 sic
795 3872 1027 3958 insequeretur,

202 3956 316 4021 Donec
339 3977 412 4019 eum
434 3957 544 4020 vivum
566 3959 729 4043 quitasset,
752 3956 837 4021 idem
858 3964 1030 4042 pateretur.

55 4106 77 4161 a)
94 4110 145 4160 quis
161 4110 211 4150 invi
226 4121 237 4150 e
251 4121 308 4149 corr.
325 4105 417 4160 (incitat
426 4107 499 4157 fresae
513 4106 612 4160 atdans).
672 4106 697 4159 b>
713 4109 769 4148 dana
784 4107 853 4146 tincae
868 4107 962 4146 abscisae
976 4107 1084 4148 videntur.

57 4242 85 4308 1)
104 4242 200 4301 Boram
219 4257 304 4307 supro
323 4242 340 4292 l.
361 4243 378 4293 l.
445 4241 473 4306 2)
492 4238 692 4306 Arcbiepiscopo
713 4236 860 4290 Coloniensi
879 4256 897 4288 a
921 4239 1009 4290 comite
1028 4238 1172 4291 Iulioceusi

55 4333 113 4366 more
132 4323 225 4380 capt05
244 4315 278 4379 cf.
298 4331 421 4382 suprap.
436 4315 497 4367 283.
553 4313 584 4378 3)
603 4313 644 4365 De
665 4311 786 4365 Conrado
805 4327 863 4379 repe
882 4329 964 4363 samo
984 4329 1039 4368 esse
1057 4314 1171 4378 videtur,

56 4389 101 4454 qui
119 4395 181 4440 tunc
201 4385 336 4440 Coloniam
354 4387 435 4441 veuit.
879 4453 941 4518 20*
