2942 4998
315 373 503 428 CHRONIOA
522 376 635 428 REGIA
655 376 906 432 COLONIENSIS.
1151 384 1168 434 9

123 547 156 598 Α.
166 547 203 598 D.
214 547 278 600 452.
292 548 458 602 Theodosius
470 551 603 602 iunior-
616 578 646 588 -
659 553 726 602 obiit
739 568 808 603 anno
822 555 927 621 imperii
940 556 980 606 sui
991 555 1034 607 41.
1066 556 1168 610 natea

123 621 156 673 A.
177 619 204 672 d.
223 622 242 671 i.
263 621 324 688 453,
350 623 383 673 ab
403 624 436 676 U.
464 639 486 675 c.
508 625 588 676 1204.
613 625 766 677 Marcianus
791 652 826 665 -
853 654 886 664 -
913 643 929 678 a
954 627 1051 681 finibus
1069 631 1167 682 Roma-

49 709 144 746 norum
165 693 277 760 expulit.
314 694 378 750 ibid.

123 768 232 818 Interea
249 784 296 819 rex
314 770 452 821 Hunorum
472 771 556 822 Attila
574 799 610 808 —
630 799 663 809 -
687 773 829 824 exercitum
850 790 1021 838 coacervans,
1058 775 1149 828 Laud.

123 846 154 892 ut
173 857 237 907 aper
254 843 325 893 ferus
344 858 392 909 per
411 843 514 896 Gallias
535 872 566 881 —
588 871 625 882 -
644 846 677 896 ab
696 846 759 896 Etio
778 847 893 908 rediens,
938 847 968 899 V.
987 847 1113 902 Servatii.

123 914 240 966 Ytaliam
269 918 379 968 intrarit
407 933 439 968 ac
463 919 576 984 primum
601 918 724 985 Aquileie
751 946 785 956 -
814 948 848 958 -
879 923 1075 988 conspiratione
1106 940 1166 990 per-

51 992 155 1054 emptus
176 995 225 1040 est.
263 989 353 1041 Lorne

123 1062 211 1113 Huius
230 1068 349 1130 tempore
368 1062 501 1115 Iohannes
521 1064 645 1132 baptysta
665 1092 699 1103 —
721 1092 753 1102 -
773 1067 925 1118 Marcianus
946 1070 1062 1121 Orientis
1081 1072 1165 1138 impe-

49 1139 121 1185 rator
140 1135 281 1187 occiditur.
318 1135 419 1187 Eitea

122 1210 156 1260 Δ.
178 1209 203 1264 d.
222 1211 240 1260 i.
261 1209 323 1272 460,
342 1211 376 1261 U.
396 1225 420 1262 c.
441 1207 520 1260 1211.
540 1211 596 1280 1¹9⁰
616 1213 729 1263 Bessiea
748 1218 819 1264 ortus
838 1217 965 1281 progenie
992 1241 1024 1251 -
1052 1243 1085 1254 -
1113 1219 1165 1269 sibi

48 1279 114 1332 fecit
131 1282 160 1331 in
178 1298 271 1348 regno.
307 1281 373 1334 ibid.

123 1354 211 1421 Igitur
234 1363 356 1423 exempto
381 1358 409 1407 in
428 1355 509 1407 Italia
533 1357 656 1410 humanis
681 1359 759 1410 rebus
779 1360 887 1424 Habito,
906 1362 1070 1415 Maiorianus
1092 1364 1164 1431 apud

47 1428 204 1480 Ravennam
223 1429 327 1480 invadit
345 1432 493 1497 imperium.
530 1429 620 1482 Laud.

122 1502 178 1554 Sed
198 1509 291 1568 quarto
311 1519 380 1555 anno
400 1503 465 1554 haut
483 1504 577 1570 procul
596 1533 631 1542 -
652 1532 684 1542 -
707 1510 733 1556 et
752 1511 855 1558 senatu.
892 1505 991 1561 Elrlcelt.

121 1575 270 1628 Basiliscus
289 1593 352 1628 vero
373 1604 406 1614 -
427 1605 461 1614 -
481 1579 623 1629 Iustiniani
641 1595 725 1644 usqne
745 1585 865 1646 tempora
884 1583 958 1633 vixit.
995 1580 1085 1634 Laud.

120 1650 210 1701 Primo
236 1665 305 1701 anno
327 1652 425 1702 Leonis
447 1678 479 1690 -
496 1652 607 1703 -Leo
635 1654 722 1703 iunior
749 1655 843 1720 paucis
871 1656 1004 1707 mensibus
1029 1659 1165 1723 regnavit.

47 1722 149 1775 Eleleelr.
217 1723 227 1744 ¹

121 1794 230 1862 Igitur*
244 1797 370 1848 Meroveo
383 1813 493 1864 rege-
503 1825 538 1834 -
549 1797 708 1849 Rothildaem
724 1798 802 1850 domo
815 1801 931 1853 retinuit.
962 1799 1001 1867 ΟΥ,
1017 1801 1048 1852 G.
1061 1801 1161 1854 Fratre.

47 1887 68 1921 c.
90 1871 115 1923 b.
139 1873 164 1922 7.
184 1869 209 1922 8.
231 1870 274 1921 11.

120 1946 153 1994 A.
175 1944 201 1994 d.
220 1945 238 1994 i.
258 1945 321 2005 476,
346 1944 380 1994 ab
399 1943 433 1995 U.
452 1960 515 1996 vero
541 1961 564 1996 c.
593 1945 671 1998 1226.
700 1947 771 1996 Zeno
800 1961 899 2012 genere
919 1949 1035 2000 Ysaurus
1062 1976 1095 1986 —
1125 1978 1163 1988 —

47 2019 133 2069 Roma
152 2023 287 2083 geruntur,
323 2017 422 2071 Eleleelt.

122 2090 263 2143 Odoaccar
283 2107 341 2141 curn
361 2091 504 2142 fortissima
516 2091 676 2143 Herulorum
691 2120 724 2129 -
739 2117 773 2128 -
794 2094 875 2144 tritici
897 2097 1038 2148 concessit.
1070 2094 1161 2148 Laud.

120 2166 193 2215 Zeno
212 2167 303 2231 itaque
322 2171 452 2230 augustus
473 2193 506 2202 —
528 2193 560 2202 -
583 2168 720 2233 scriptum,
739 2169 876 2220 inventum
897 2174 945 2220 est.
982 2167 1082 2220 Erret.

119 2240 153 2290 Δ.
168 2239 204 2288 D.
220 2238 283 2289 484.
302 2238 448 2303 Hylderico
468 2255 532 2310 rege
551 2240 714 2290 Francorum
735 2245 837 2292 mortuo
857 2269 891 2278 —
913 2269 946 2279 -
966 2258 1013 2294 sue
1033 2246 1161 2310 potestati

45 2312 161 2378 subegit.
200 2311 233 2362 G.
251 2311 349 2362 Fratre.
368 2326 391 2362 c.
411 2313 437 2362 9.

119 2389 151 2437 Δ.
172 2387 207 2436 D.
228 2386 290 2436 485.
311 2386 434 2438 Gelasius
453 2401 525 2452 papa
545 2414 579 2424 —
599 2389 809 2438 -Anastasius
828 2403 899 2455 papa
913 2389 956 2440 52.
976 2389 1046 2440 sedit
1062 2406 1160 2442 annum

45 2475 137 2520 unum,
155 2476 260 2510 menses
281 2461 324 2510 10.
360 2459 462 2510 Eklrclt.

117 2535 151 2584 A.
170 2534 206 2585 D.
230 2532 293 2586 491.
321 2532 472 2584 Olodoveus
497 2549 544 2583 rex
561 2534 725 2584 Francorum
751 2540 882 2585 commoto
909 2537 1027 2587 exercitu
1046 2538 1159 2589 Thurin·

42 2609 117 2672 giam
138 2634 172 2644 -
194 2635 227 2646 -
248 2607 283 2658 ad
301 2607 469 2673 baptysmum
488 2609 579 2657 venire
598 2607 764 2672 predicabat.
803 2607 833 2658 G.
854 2607 952 2661 Franc.
973 2626 992 2660 c.
1015 2611 1131 2662 10-15.

118 2679 215 2742 Quodl
236 2683 297 2732 dum
316 2681 415 2731 facturn
435 2681 537 2744 fuisset,
558 2683 585 2730 et
602 2697 648 2732 rex
669 2681 703 2730 ad
723 2682 915 2748 baptysterium
935 2685 1061 2746 venisset,
1081 2686 1159 2736 cleri-

43 2771 100 2815 cus,
121 2755 168 2819 qui
188 2756 282 2806 crisma
301 2754 417 2816 ferebat,
437 2771 453 2804 a
472 2753 570 2821 populo
591 2762 631 2806 est
650 2757 828 2822 interceptus,
847 2761 877 2806 ut
895 2756 929 2806 ad
948 2758 1048 2809 fontem
1068 2761 1158 2810 venire

41 2828 202 2893 nequirerit.
230 2825 403 2878 Sanctificate
424 2836 510 2878 autern
524 2829 607 2888 fonte,
620 2835 684 2878 nutu
703 2829 793 2878 divino
810 2831 906 2879 crisma
923 2831 1014 2882 defuit.
1046 2833 1082 2883 Et
1096 2835 1162 2899 quia

41 2906 152 2968 propter
171 2901 262 2968 populi
281 2916 430 2967 pressuram
450 2900 517 2951 nulli
535 2902 645 2968 patebat
659 2917 781 2968 egressus
795 2901 945 2954 aecclesiae
957 2905 999 2954 vel
1012 2907 1157 2973 ingressus,

41 2982 152 3027 sanctus
180 2975 301 3041 pontifex
329 2974 414 3025 oculis
444 2990 476 3024 ae
505 2977 627 3026 manibus
657 2977 773 3026 extensis
801 2976 829 3024 in
855 2975 941 3026 celum
974 2979 1045 3044 cepit
1075 2984 1157 3032 tacite

42 3065 118 3100 orare
139 3064 200 3099 cum
218 3048 345 3098 lacrimis.
383 3049 419 3098 Et
448 3063 512 3098 ecce
540 3049 628 3100 subito
658 3049 781 3100 columba
809 3051 870 3100 nive
901 3049 1040 3102 candidior
1069 3054 1158 3105 attulit

41 3121 188 3189 ampullam
216 3124 245 3172 in
271 3127 356 3172 rostro
386 3123 508 3172 crismate
534 3128 627 3174 sancto
655 3122 800 3188 repletam,
830 3125 905 3173 onius
934 3125 1016 3175 odore
1044 3126 1158 3178 mirifico

41 3212 121 3263 snper
147 3211 239 3247 omnes
263 3194 375 3256 odores,
401 3211 466 3260 quos
491 3199 552 3246 ante
578 3197 606 3245 in
630 3197 785 3262 baptisterio
812 3205 963 3260 senserant,
989 3214 1080 3250 omnes
1111 3203 1156 3266 qni

41 3269 155 3320 aderant
179 3268 352 3320 inestimabili
376 3271 508 3320 suavitate
534 3268 631 3336 repleti
656 3275 725 3321 sunt.
768 3271 925 3336 Accipiente
949 3277 1038 3322 autern
1063 3280 1159 3324 sancto

40 3342 169 3408 pontifice
182 3345 269 3409 ipsam
284 3341 436 3408 ampullam,
457 3343 562 3408 species
582 3342 704 3394 columbe
724 3341 861 3408 disparuit.
897 3345 938 3394 De
958 3359 1010 3409 quo
1031 3347 1155 3397 crismate

40 3416 110 3467 fudit
129 3417 272 3483 episeopus
298 3417 326 3465 in
350 3415 450 3467 iontem
470 3422 612 3467 sacratum.
649 3419 713 3468 Viso
733 3423 823 3466 autern
847 3433 893 3466 rex
922 3423 995 3467 tanto
1016 3419 1157 3480 miraculo,

41 3491 183 3555 abnegatis
204 3486 305 3540 diaboli
323 3491 427 3556 pompis
447 3494 474 3539 et
489 3490 614 3556 operibus
634 3493 705 3552 eins,
729 3490 807 3556 petiit
825 3505 854 3540 se
880 3506 896 3541 a
916 3497 1008 3541 sancto
1028 3491 1154 3558 pontifice

40 3564 187 3630 baptynari.
222 3563 296 3614 'I'unc
321 3563 478 3630 baptyzatus
503 3570 543 3615 est
565 3565 593 3614 in
612 3565 717 3614 nominc
736 3569 846 3615 sanctae
864 3564 1000 3616 Trinitatis
1028 3571 1054 3616 et
1077 3582 1154 3618 sacro

40 3640 165 3690 crismate
184 3642 336 3702 perunctus.

112 3713 288 3777 Baptizantnr
315 3715 403 3760 autem
429 3709 462 3760 de
488 3712 605 3762 exercitu
630 3713 686 3762 eius
711 3712 763 3762 tria
789 3710 863 3760 milia
887 3711 1015 3774 virorum,
1036 3715 1158 3781 exceptis

38 3784 158 3851 parvulis
178 3790 205 3835 et
223 3783 386 3836 mulieribus.
417 3785 591 3850 Baptiaantnr
610 3800 712 3836 sorores
733 3786 788 3836 eius
802 3811 836 3822 -
852 3812 884 3822 -
901 3801 976 3837 carus
991 3789 1017 3836 in
1031 3789 1154 3854 negocio.

39 3857 70 3908 G.
91 3857 194 3909 Fratre.
213 3875 234 3908 c.
254 3857 369 3907 lb-l'l.

98 4011 128 4081 *)
150 4010 282 4065 Schedule
298 4021 358 4079 poet
377 4011 481 4064 adiecto
498 4011 527 4064 in
546 4013 572 4065 B
592 4014 617 4066 1.
637 4013 694 4065 alia
713 4031 781 4065 saec.
800 4012 884 4066 XIII.
903 4031 986 4065 mauu
1010 4014 1154 4067 inseritur:

148 4088 276 4138 Nenstria
294 4103 357 4139 vero
372 4103 435 4155 pars
455 4093 496 4139 est
514 4088 602 4140 Gallie
623 4087 728 4140 Celtice
747 4115 783 4124 -
803 4115 836 4124 —
856 4103 981 4154 umquam
997 4091 1156 4155 mugirent·
1180 4115 1182 4118 ·

149 4163 207 4212 tuit.
245 4159 345 4214 Erret.
361 4178 391 4226 p.
413 4160 474 4214 158.

112 4305 142 4373 1)
162 4306 279 4358 Similem
296 4309 476 4360 uacationem
495 4307 524 4359 in
544 4308 601 4360 cod.
623 4307 760 4366 Gestorum
778 4306 933 4375 Remigium
958 4309 1015 4375 legi,
1039 4317 1157 4360 testetur

39 4380 161 4448 Bocquet
179 4379 220 4443 II,
237 4398 266 4447 p.
282 4380 374 4434 beta.
389 4382 412 4432 b.
758 4377 761 4382 ’
793 4370 803 4386 ⁴
