2944 5002
302 398 356 448 330
389 471 393 484 Ι
432 396 582 448 OLIVERI
600 396 759 448 RELA'HO
778 395 828 446 DE
848 397 1097 450 EXPEDITIONE
1116 398 1332 449 DAMIATINA.

227 577 335 633 ¹2¹⁸·et
356 565 397 632 ad
419 565 579 631 sinistram
601 564 773 630 fortissime
794 567 961 651 percussit
1004 565 1070 630 Alii
1091 575 1165 652 post
1190 565 1272 631 alios
1300 587 1421 632 succos

302 661 421 730 serunt,
444 651 602 736 superatis
622 648 778 714 hostibus.
822 650 851 716 Ο
874 649 1042 715 ineffabilis
1063 650 1127 716 Dei
1149 651 1268 737 pietas!
1291 673 1311 716 o
1335 653 1422 715 inex·

301 732 460 824 plicabilis
483 733 727 799 christianorum
753 731 912 799 hilaritas!
940 736 1018 800 Post
1039 758 1078 799 ru
1100 736 1181 800 itum
1203 747 1235 801 et
1256 734 1422 822 planctum

302 820 458 906 gaudium
499 820 639 885 vidimus
675 829 707 884 et
745 819 958 906 triumphum,
1003 821 1045 885 Te
1116 843 1187 884 eum
1223 821 1421 902 laudamus,

302 905 501 972 Benedictus
544 907 696 970 dominus
732 904 823 968 Deus
860 905 965 968 Israel
1001 916 1033 970 et
1076 903 1138 967 alia
1179 905 1307 970 cantica
1353 927 1423 990 gra·

302 993 417 1056 tiarum
454 986 528 1052 letis
563 987 698 1053 vocibus
735 986 923 1053 exultantes.
1004 987 1224 1054 Currentibus'
1250 990 1348 1054 nobis
1383 987 1424 1054 ad

302 1095 429 1138 crucem
451 1081 603 1154 sanctam,
626 1095 684 1137 rex
705 1071 838 1137 festinus
860 1073 900 1138 de
922 1095 1005 1160 equo
1028 1072 1205 1156 descendit,
1220 1083 1253 1138 et
1266 1084 1337 1138 toto
1357 1095 1423 1138 cor-

301 1181 379 1244 pore
401 1166 475 1221 ante
495 1158 600 1243 ipsam
621 1166 808 1242 prostratus,
830 1168 938 1242 grates
959 1158 1043 1241 Dec,
1065 1167 1201 1245 quantas
1223 1160 1342 1245 potuit,
1360 1181 1425 1222 non

325 1251 438 1307 nantas
453 1240 579 1323 debuit,
602 1241 827 1327 triumphatori
838 1241 965 1307 Christo
980 1243 1077 1307 Ihesu
1090 1241 1249 1307 referebat
1263 1243 1423 1312 exultans.

301 1266 346 1391 lt
368 1349 443 1391 ecce
467 1325 646 1405 Sarraceni,
670 1327 725 1411 qui
745 1327 779 1388 in
801 1327 943 1391 inferiori
958 1339 1049 1413 parte
1063 1329 1160 1392 turris
1177 1327 1334 1410 latebant,
1349 1329 1423 1412 igne

302 1410 468 1496 subposito
491 1409 692 1496 superficiem
716 1411 785 1475 eius
806 1409 948 1497 ligneum
970 1411 1223 1477 combusserunt.
1272 1413 1423 1477 Victores

301 1496 402 1560 nostri
423 1495 489 1559 vim
510 1496 596 1580 ignis
618 1495 775 1559 sustinere
796 1517 860 1560 non
882 1494 1034 1578 valentes,
1056 1497 1192 1582 regressi
1222 1507 1297 1561 sunt
1326 1519 1423 1582 super

301 1578 429 1645 scalam.
453 1579 586 1644 Interim
607 1600 698 1664 pone,
711 1581 767 1664 qui
788 1582 822 1643 in
843 1581 986 1645 inferiori
1001 1591 1093 1667 parte
1108 1582 1214 1667 operis
1230 1591 1421 1668 preparatus

300 1665 414 1745 fuerat,
436 1663 593 1728 demissus
617 1672 684 1728 erat
705 1662 746 1727 ad
775 1665 871 1729 turris
893 1664 1010 1750 pedem
1032 1676 1214 1751 angustum,
1236 1689 1296 1752 per
1325 1688 1421 1752 quern

300 1749 415 1813 armati
445 1747 486 1813 de
514 1749 591 1812 navi
618 1745 858 1832 descendentes,
889 1747 1011 1814 malleis
1032 1749 1142 1816 ferreis
1171 1751 1302 1814 ianuam
1325 1751 1420 1814 turris

301 1835 423 1918 agressi
446 1842 528 1914 sunt,
551 1830 794 1898 defendentibus
817 1856 888 1898 eam
912 1836 1096 1899 sarracenis
1117 1835 1320 1900 intrinsecus.
1353 1834 1421 1899 Sta

301 1916 358 1982 bat
377 1926 485 1981 autem
499 1927 670 2002 utrumque
684 1919 929 1982 instrumentum
947 1940 1045 2006 super
1059 1940 1219 2004 coggones
1235 1919 1420 1984 edificatum

181 2000 463 2082 Assarinmobile,
486 2000 635 2065 anchoris
657 2010 689 2065 et
710 2002 841 2067 funibus
863 2001 975 2086 fixum,
998 2004 1039 2068 ab
1061 2002 1141 2067 hora
1168 2025 1254 2067 nona
1281 2004 1362 2070 ferie
1391 2005 1418 2070 6.

301 2107 403 2173 usque
425 2084 466 2150 ad
488 2085 600 2150 horam
623 2084 782 2150 decimam
805 2089 967 2172 sequentis
989 2087 1092 2153 sabati
1114 2089 1273 2152 continuis
1300 2087 1420 2153 machi·

301 2193 414 2234 narum
429 2170 547 2236 ictibus
562 2172 756 2256 expositum.
789 2170 987 2236 Resiliebant
1007 2183 1114 2238 tamen
1133 2171 1260 2259 ¹lapides
1275 2175 1420 2259 magnis

300 2252 430 2319 castello
451 2255 634 2318 firmissime
656 2257 790 2338 munito,
820 2256 895 2321 licet
922 2255 1009 2320 scala
1038 2278 1111 2320 curn
1140 2258 1285 2322 inferiori
1314 2268 1418 2322 castro

299 2336 516 2425 multipliciter
538 2347 769 2410 concuteretur.
819 2340 964 2405 Tandem
994 2341 1138 2406 conclusi
1159 2342 1192 2405 in
1214 2343 1295 2406 turri
1326 2341 1419 2406 collo

300 2424 412 2508 quium
445 2434 600 2510 petentes,
633 2445 667 2488 se
700 2424 893 2490 dediderunt
923 2424 982 2490 sub
1011 2435 1106 2512 pacto
1137 2429 1211 2491 vite.
1277 2425 1417 2507 Quidam

299 2516 408 2572 tamen
431 2530 464 2571 se
486 2531 544 2594 per
564 2507 735 2572 fenestram
758 2511 996 2596 precipitanteS,
1016 2533 1076 2596 per
1102 2508 1235 2576 fluvium
1267 2513 1324 2597 qui
1347 2532 1416 2576 ena-

298 2601 366 2656 tare
387 2600 536 2678 poterant
556 2602 752 2660 evaserunt&
788 2594 932 2658 Extincti
954 2596 1082 2660 suntin
1104 2596 1184 2659 turri
1205 2596 1334 2659 circiter
1349 2617 1417 2660 cen·

299 2683 369 2739 tum
391 2676 519 2761 captivi.
570 2676 705 2741 inventa
734 2680 862 2742 suntin
889 2700 927 2742 ea
948 2678 1049 2743 multa
1071 2679 1183 2765 spolia,
1205 2691 1238 2745 et
1265 2691 1346 2744 tunc
1367 2679 1417 2744 de·

299 2781 388 2822 mum
409 2763 558 2845 apparuit
578 2759 673 2825 nobis
694 2760 847 2827 fortitudo
869 2764 965 2827 tauris
987 2764 1177 2828 intrinsecus
1199 2762 1417 2850 multipliciter

297 2842 501 2908 testudinata.
556 2843 763 2910 Gaudeamus
796 2848 894 2932 igitur
924 2856 956 2912 et
987 2846 1184 2928 exultemus,
1236 2849 1292 2912 uia
1319 2848 1417 2913 clavis

298 2927 422 3013 Egypti
453 2929 547 2994 nobis
579 2928 654 2994 data
686 2941 735 2995 est
767 2940 798 2997 et
830 2931 1019 3018 precipuum
1047 2955 1146 2996 cornu
1174 2871 1417 2998 Bdltiloniomm

298 3011 382 3075 illicb
408 3010 502 3077 nobis
530 3022 577 3077 est
604 3012 763 3078 collatum.
815 3015 897 3102 Spes
930 3017 1033 3081 eciam
1066 3017 1228 3080 manimec
1260 3019 1417 3104 capienda

144 3097 435 3163 transmisistis
450 3098 616 3184 promissa,
631 3099 772 3164 maxime
788 3122 861 3165 curn
875 3121 955 3165 voce
974 3102 1118 3165 veritatis
1142 3101 1283 3167 dicatur:
1318 3103 1417 3168 Omne

298 3205 434 3268 repausa
461 3185 498 3247 iu
531 3205 563 3247 ae
593 3184 736 3249 divisam
757 3184 964 3250 desolabitur.
1007 3186 1095 3250 Inter
1117 3186 1311 3252 Sarracenos
1334 3189 1417 3253 enim

298 3265 371 3351 plus
394 3288 490 3352 quam
511 3265 620 3331 civilia
641 3267 726 3333 bella
746 3281 908 3354 geruntur.

373 3357 398 3407 6.
418 3358 500 3408 Post¹
516 3365 622 3425 captam
637 3359 768 3426 siquidem
782 3367 880 3411 turrem
893 3361 920 3410 in
934 3361 1065 3427 profundo
1075 3362 1190 3414 fluminis
1199 3357 1213 3399 ‘¹
1223 3364 1304 3414 sitam
1316 3365 1417 3432 Sapha·

300 3429 378 3480 dinus
397 3432 559 3484 inveteratus
574 3435 684 3496 dierum,
704 3433 832 3484 malorum
852 3433 952 3497 dolore,
973 3436 1043 3485 sieut
1063 3437 1197 3500 asseritur,
1216 3443 1308 3488 tactus
1327 3440 1416 3502 nimio,

299 3504 493 3554 exheredatus
511 3506 653 3556 fratuelem
672 3523 778 3557 suorum
799 3514 826 3558 et
843 3514 984 3574 usurpator
1002 3525 1142 3574 regnorum
1152 3509 1225 3572 Asis,
1239 3519 1360 3564 mortuus
1379 3518 1417 3564 est

299 3583 327 3628 et
345 3577 465 3644 sepultus
490 3580 517 3628 in
536 3581 647 3630 inferno.
685 3581 855 3631 Postmodum
881 3583 909 3632 in
933 3583 1001 3633 festo
1026 3584 1113 3633 sancti
1131 3584 1256 3648 Dyonisii
1275 3587 1416 3638 Sarraceni

299 3667 359 3702 cum
378 3645 511 3716 galeidis¹¹
530 3655 638 3704 armetis
657 3654 783 3720 inprovisi
803 3657 951 3720 venientes,
972 3663 998 3706 et
1016 3655 1175 3722 principalia
1195 3666 1353 3721 castrorum,
1372 3660 1415 3711 ubi

297 3725 412 3776 Romani
424 3726 541 3775 tentoria
554 3725 674 3790 fixerant,
692 3727 859 3792 invadentes,
880 3729 987 3780 modica
1000 3745 1081 3781 manu
1095 3723 1299 3783 christianorum
1317 3733 1414 3801 repulsi

298 3804 381 3849 sunt&
400 3799 435 3848 sd
455 3797 587 3864 galeidas,
618 3800 664 3865 qui
692 3800 797 3866 gladios
822 3805 1040 3870 persequentium
1067 3809 1094 3855 et
1120 3806 1236 3857 fluminis
1259 3810 1413 3874 voraginem

213 3561 257 3605 Oct.
267 3564 286 3606 9.

300 3940 476 3994 cleopatrae.
544 3944 640 3996 stillis?
655 3958 673 3987 c.
734 3946 865 3999 c)mextme
880 3961 938 3990 corr.
955 3951 1057 3990 maxime
1072 3963 1089 3990 c.
1150 3951 1228 4004 dmin
1244 3953 1265 3992 fl.
1282 3954 1329 3997 eod.
1346 3953 1405 4004 Luqd

299 4001 321 4053 e)
338 4011 361 4042 et
376 4007 508 4052 peremptor
523 4004 619 4045 fratrum
635 4007 662 4048 L.
736 4006 844 4059 Ogeleis
867 4013 890 4048 et
909 4010 988 4050 loricis
1003 4013 1086 4051 armati
1101 4010 1129 4054 L.
1207 4009 1230 4064 g)
1247 4015 1412 4056 recurrentium

299 4062 406 4103 celeriter
420 4063 448 4102 ad
465 4063 543 4112 galeas
559 4065 584 4106 L.

302 4189 329 4255 1)
356 4191 500 4259 Sequentia
526 4214 558 4249 ex
584 4200 669 4249 altera
694 4198 805 4263 epistola
831 4199 987 4267 Erzqelberto
1012 4200 1206 4270 archiepiscopo
1232 4205 1306 4270 data,
1333 4222 1410 4270 quam

299 4264 384 4316 edidit
404 4268 528 4322 Gelenius
545 4289 573 4336 p.
592 4271 652 4322 329.
690 4272 831 4338 Epitomeu
850 4272 962 4326 continet
982 4274 1094 4328 historie
1112 4277 1169 4328 cod.
1188 4276 1287 4345 Laced,
1308 4296 1340 4330 ee
1359 4296 1410 4345 que

296 4355 387 4402 pauca
405 4349 508 4394 tautam
527 4346 639 4396 enotavi.
