2934 4998
302 374 356 424 304
413 373 591 425 CHRONICI
611 373 820 425 RHYTHMICI
840 376 1084 430 COLONIENSIS
1104 379 1339 431 FRAGMENTA.

407 558 423 607 5
446 543 533 606 Dum
555 564 634 628 gens
655 543 814 628 inpatiens
859 544 924 608 acis
946 565 1004 629 per
1024 552 1173 630 tempora
1193 547 1274 610 fiens

449 625 548 690 Bellis
570 627 680 691 iniecit
701 649 745 707 se,
791 566 857 692 uod
878 627 963 692 mala
984 629 1121 728 conc[io]
1145 629 1231 694 feeit.

226 726 291 767 11⁹⁷·
450 712 534 777 Cum
557 709 678 775 Sathan
699 649 825 794 invidit,
847 733 981 796 regnum
1003 711 1136 776 lase1v1a
1157 714 1263 778 scidit.

449 796 506 860 Lis
528 795 614 878 furit,
637 795 755 861 Ottone
777 797 826 860 ius
849 795 1031 861 defensante
1053 818 1179 863 corone.

449 881 570 946 Contra
590 901 648 965 per
669 889 804 944 martem
826 879 991 965 Philippi.
1008 904 1059 946 em
1081 933 1088 947 .
1112 931 1119 946 .
1143 891 1173 944 .¹
1196 893 1337 968 partem.

387 978 420 1027 10
442 965 605 1050 Posseque
626 964 754 1048 partito,
776 986 835 1049 per
850 1010 979 1029 ......
995 963 1129 1053 fav[ore]
1176 968 1286 1049 etitoh,

447 1049 580 1113 Divisos
603 1068 753 1133 proceres
776 1058 852 1112 tunc
874 1047 1097 1137 [mililciasque
1117 989 1254 1133 videres,

448 1131 554 1198 Urbes
577 1139 608 1196 et
628 1140 740 1217 gentes
762 1132 868 1197 varias
890 1132 1026 1198 adversa
1045 1142 1198 1198 tenentes.

448 1217 488 1281 In
508 1216 697 1314 tsnltis]que
718 1215 811 1280 malis
833 1216 1026 1280 discriminis
1047 1218 1223 1302 imperialis

448 1301 539 1382 Urbi,
562 1301 588 1364 si
611 1310 732 1382 scisset,
755 1299 822 1365 fore
844 1313 930 1364 nonc
951 1310 1086 1386 partem,
1108 1301 1258 1368 licuisset.

387 1398 420 1447 16
445 1384 509 1450 Sed
532 1385 603 1470 quis
625 1385 763 1466 vicisset,
786 1405 837 1450 res
860 1406 901 1449 ex
925 1384 1061 1449 ectanda
1081 1385 1202 1466 fuisset,

448 1468 539 1532 Tunc
555 1515 660 1533 .....
677 1467 698 1533 b
716 1517 722 1532 .
740 1517 747 1532 .
764 1477 829 1534 sset
852 1407 965 1558 [iuldgi
987 1470 1066 1568 quid
1086 1469 1317 1554 prevaluisset!

448 1553 516 1618 Nec
537 1553 745 1638 prevenisset,
768 1552 844 1639 quid
866 1563 898 1616 et
920 1563 1121 1639 ommpotens
1142 1553 1299 1620 voluisset

448 1637 509 1702 Vel
530 1637 678 1702 Peterin
700 1637 803 1719 terris,
826 1646 857 1702 et
878 1637 1047 1701 mansisset
1068 1639 1137 1701 sine
1158 1641 1294 1722 guerris,

448 1722 519 1803 Quo
542 1719 624 1785 male
645 1719 756 1785 finales
778 1730 852 1786 suut
874 1721 1008 1786 urbibus
1031 1721 1185 1791 exitiales.

385 1818 420 1867 20
443 1803 620 1871 Consilium
643 1805 777 1890 capitur,
800 1805 853 1869 cui
875 1814 988 1890 pareat
1008 1804 1103 1889 urbs,
1125 1807 1285 1891 reperitur

448 1888 570 1956 Orans*
593 1888 751 1974 predicta,
773 1889 967 1953 sententias
992 1899 1070 1970 reta,
1091 1888 1203 1956 relicta
1217 1913 1273 1968 ἢκ.
1285 1916 1426 1960 narrant

448 1973 527 2037 Eius
542 1982 626 2056 erat,
641 1971 752 2038 fletum
766 1995 824 2059 per
839 1972 950 2037 fictum
964 1911 1092 2039 llectere
1103 1983 1208 2039 cetum

447 2055 567 2121 Alter**
580 2059 735 2122 maiorum
747 2059 852 2142 potuit-
861 2057 1044 2144 pariterquc
1056 2059 1225 2141 minorum,
1239 2085 1273 2142 n)
1283 2087 1426 2132 omma,

447 2141 494 2206 Ut
515 2142 609 2207 simul
631 2140 743 2207 Ottoni
764 2142 893 2206 faveant
915 2141 1060 2206 bellando
1084 2141 1208 2207 Coloni.

384 2239 419 2288 25
443 2225 518 2308 Our,
541 2225 625 2291 bone
648 2225 792 2311 Saphire,
814 2226 894 2290 facis
916 2225 994 2290 bose
1016 2226 1200 2291 discrimine
1221 2228 1303 2292 mire

448 2309 545 2391 Quod
566 2333 631 2375 non
653 2309 779 2375 Perfusi
802 2311 888 2375 cives
911 2321 985 2375 sunt
1006 2309 1153 2375 sensibus
1175 2312 1235 2375 usi.

446 2397 622 2481 Pepaque³
644 2394 796 2480 profecto,
818 2392 969 2480 Philippo
991 2395 1071 2460 forte
1093 2398 1219 2476 reiecto,

447 2479 603 2544 Pretulis‘
625 2479 788 2545 Ottonem.
829 2478 909 2542 Ruit
926 2479 1003 2545 urbs
1023 2479 1057 2542 in
1080 2477 1286 2562 seditionem,

448 2563 545 2629 Orbis
569 2573 747 2650 quassatur,
769 2583 880 2627 casum
901 2563 1029 2627 fortuna
1050 2563 1198 2627 minatur.

386 2647 629 2712 30Adveni1mt
652 2646 751 2711 Suevi
773 2647 813 2712 de
835 2645 997 2712 montibus
1018 2648 1066 2711 uti
1090 2670 1130 2711 ue
1152 2647 1230 2728 sevi,

448 2729 571 2798 Assunt
591 2732 762 2819 postremis
785 2730 825 2795 de
847 2734 960 2819 regn[o
982 2668 1089 2820 iuxtal
1108 2731 1259 2796 Bohemis

448 2816 574 2900 Franci,
598 2816 760 2897 Saxoniei,
782 2838 823 2880 ne
846 2837 890 2915 qu
902 2861 1105 2881 .........

448 2899 580 2982 Urbem,
604 2922 700 2988 quam
722 2921 822 2986 prone
844 2899 1041 2964 orreumdant
1064 2898 1265 2988 [obsidione.

447 2986 556 3049 Patria
576 2984 736 3067 turbatur,
758 3007 843 3048 mars
865 3005 973 3048 muros
996 2983 1093 3072 [cirea
1114 2993 1272 3068 vagatur,

385 3082 420 3130 35
443 3066 564 3133 Crebro
587 3079 761 3168 pugnatur:
784 3067 871 3133 cadit
891 3068 955 3151 hic,
978 3067 1021 3157 [et
1041 3065 1094 3133 ille
1115 3068 1270 3157 necatlur,

447 3150 504 3216 Ille
527 3163 707 3237 sagittatur,
731 3151 799 3217 obit
819 3151 909 3233 alter,
931 3153 1020 3238 preci
1044 3152 1142 3216 itatur

447 3236 588 3320 Tertius3
611 3239 755 3317 instatur,
777 3258 855 3322 gens
878 3259 953 3301 ense
973 3174 1121 3321 religas
1140 3235 1338 3384 ,necaturth

445 3319 598 3407 Undique
621 3330 782 3406 spectatur
802 3319 909 3403 dolor3
932 3320 984 3384 hic
1006 3320 1106 3406 fugat,
1128 3321 1138 3382 i
1162 3319 1337 3404 efugatur.

446 3404 546 3470 Terra
568 3413 760 3488 cruentatur,
782 3404 871 3470 furor
891 3404 1033 3469 hosticus
1055 3401 1285 3468 accumulatur.

384 3502 420 3550 40
441 3487 528 3553 Urbs
550 3489 750 3572 defensatur,
773 3487 842 3555 obit
862 3489 956 3573 ignis,
978 3489 1085 3575 aquah
1106 3485 1267 3574 vigilatur.

299 3687 322 3739 a)
339 3690 433 3731 demere
448 3689 536 3728 content
551 3690 582 3729 ed.
643 3687 667 3741 b)
683 3690 758 3740 perito
774 3690 805 3729 ed.
867 3689 951 3740 anam
967 3689 1000 3729 od.
1060 3687 1214 3738 d)ve1quta;
1231 3688 1420 3736 resistimus.

298 3749 335 3787 aad
349 3749 400 3788 Mea
415 3749 500 3788 minime
514 3749 621 3796 beantur.
667 3747 689 3799 e)
706 3747 767 3789 hoc?
803 3745 869 3799 nite
883 3757 901 3790 e.
941 3747 964 3798 g)
981 3751 1097 3790 crematur
1112 3747 1144 3786 ed.
1180 3744 1204 3797 h)
1221 3751 1245 3786 et
1259 3747 1373 3796 vigilatur
1386 3749 1418 3788 ed.

302 3900 329 3966 1)
348 3899 394 3952 Ita
411 3901 487 3967 ιᾳῑοεα
506 3899 532 3950 iu
559 3897 687 3965 marytre.
731 3897 896 3950 Memorotar
915 3895 1053 3963 Riebolfus
1071 3897 1206 3962 Perfusus
1231 3899 1295 3950 ciuis
1316 3898 1416 3951 Coloni·

299 3971 413 4025 emisa.
434 3973 513 4023 1188.
534 3981 557 4023 et
578 3972 656 4021 1189.
681 3971 756 4035 apud
781 3971 930 4022 Looomblet
954 3970 1008 4022 ΠΒ.
1029 3969 1053 4034 Ι,
1071 3987 1098 4035 p.
1120 3971 1181 4021 ⁶14.
1203 3971 1266 4035 519,
1291 3989 1317 4024 o.
1339 3973 1417 4026 1208.

300 4046 328 4098 ire
346 4037 398 4097 lira
422 4043 574 4097 Theoderici
592 4042 782 4110 archiepiscopi
801 4062 844 4110 ap.
865 4043 1007 4108 Miraeum,
1030 4041 1079 4108 Op.
1098 4041 1164 4108 dipl.
1184 4042 1209 4107 l,
1225 4061 1257 4110 p.
1273 4045 1336 4098 406.
1348 4055 1372 4099 et
1388 4047 1416 4099 in

300 4119 414 4185 Dynteri
432 4119 522 4170 ebron.
542 4121 560 4170 l.
580 4119 600 4169 I
605 4118 633 4181 V,
653 4135 674 4169 e.
696 4118 738 4170 70.
758 4117 794 4169 D.
832 4117 874 4168 De
893 4115 970 4168 curto
989 4117 1208 4182 Perfuseabofv.
1220 4118 1326 4181 Ennea,
1346 4120 1416 4174 Hiar.

301 4189 354 4243 ool.
375 4191 416 4255 ΙΙ,
431 4210 462 4257 p.
484 4194 535 4243 185
553 4209 581 4243 rr.
602 4191 627 4242 2.
721 4190 748 4254 2)
767 4190 894 4242 Fortasse
918 4188 988 4241 idem
1013 4189 1059 4255 qui
1078 4206 1123 4254 op.
1143 4189 1255 4256 Godosr.
1275 4191 1416 4259 Hayenum

301 4264 338 4326 (e.
359 4264 412 4315 888
431 4270 498 4330 sqq.)
516 4265 668 4331 appellatur
688 4262 802 4328 (Bruta)
822 4262 907 4314 Gauoe
928 4261 1057 4326 (Cbese'o).
1096 4261 1132 4313 D.
1232 4262 1262 4330 3)
1282 4264 1415 4333 Aratispi·
1460 4323 1461 4326 Ἴ

300 4353 406 4402 scopum
423 4337 565 4405 iutelliqere
584 4336 698 4400 uidetur,
718 4335 764 4402 qui
783 4354 808 4388 o.
832 4337 911 4388 1204.
932 4336 968 4388 od
988 4335 1106 4402 Philippi
1120 4342 1214 4400 portes
1234 4335 1349 4390 transiit.
1460 4363 1461 4366 ¹
