2970 4996
188 391 373 444 CHRONIOA
392 393 506 445 asela
526 394 768 448 COLONIENSIS
787 396 818 446 A.
839 395 918 446 1125.
940 393 1020 445 1126.
1163 396 1199 447 63

450 567 613 620 Berensio
636 567 656 618 I.
677 568 770 620 codd.
791 568 824 619 A.

71 664 165 740 gunt,
188 655 294 718 virum
316 653 381 717 iam
403 652 478 718 inde
500 652 541 718 ab
563 652 778 719 adolescentia
798 653 832 717 in
854 653 945 720 bellis
961 655 1200 738 experientissi-

71 760 164 802 mum
201 747 233 802 et
265 737 407 802 victoriis
438 737 743 822 frequentissimum.
802 739 1013 824 Quocumque
1050 738 1133 803 enim
1164 760 1198 803 se

73 831 224 902 verterat,
247 819 379 907 speciali
402 821 541 908 quodam
563 820 629 885 fato
652 842 715 907 quo
734 821 835 886 Iulius
852 821 952 887 Cesar
974 844 1051 886 usus
1059 832 1082 903 ⁸,
1104 823 1197 905 vicit,

73 916 107 972 et
140 906 292 993 quoniam
320 904 473 970 ecelesiae
500 905 662 970 studiosus
691 905 840 970 defensor
866 915 943 988 erat,
976 906 1027 973 89.
1055 905 1126 971 loco
1156 906 1197 971 ab

73 992 225 1075 Augusto
252 1012 312 1054 rex
341 989 483 1070 effectus,
510 987 662 1054 Coloniae
689 989 730 1055 ab
759 989 904 1054 eiusdem
930 990 1015 1054 sedis
1042 989 1199 1075 archiepi-

73 1096 176 1162 scopo
191 1072 357 1138 Friderico
379 1077 413 1137 in
433 1094 543 1159 regem
566 1095 631 1136 una
653 1094 726 1137 cum
748 1072 866 1137 domna
885 1073 1041 1157 Rikenaa,
1062 1074 1198 1160 coniuge

74 1181 145 1241 sua,
176 1167 388 1222 consecratur.
431 1157 623 1242 Radespone
645 1158 735 1241 regio
762 1178 849 1223 more
872 1159 1042 1245 excipitur.
1088 1156 1201 1223 Rebus

73 1242 122 1307 ibi
143 1244 205 1308 rite
227 1242 398 1326 dispositis,
420 1243 572 1306 remeat*

72 1331 319 1374 AnniLotharll.

453 1383 548 1448 Anno
575 1383 705 1448 Domini
729 1386 819 1450 1126.

151 1467 299 1534 Natalem
321 1468 455 1532 Domini
477 1490 496 1531 a
520 1468 564 1532 ud
585 1468 798 1553 Argentinam
823 1466 972 1533 celebrat.
1015 1467 1200 1533 Fridericus

73 1554 143 1618 dux
159 1553 307 1617 Alsaciae
322 1574 406 1617 nova
421 1574 483 1639 que
507 1574 559 1615 am
581 1563 692 1617 eontra
706 1575 815 1638 regem
830 1552 993 1635 molitusl‘,
1014 1553 1198 1639 principum

72 1637 197 1702 iudicio
220 1636 421 1736 dampnatur.
464 1636 536 1701 Rex
557 1635 599 1700 ad
620 1638 757 1723 patriam
779 1637 967 1736 regreditur.
1040 1636 1201 1721 Rotgerus

71 1720 377 1868 Parthenopolrtane
389 1719 477 1784 urbis
488 1721 659 1806 episcopus
671 1721 765 1804 obiit,
782 1743 834 1785 cu1
845 1722 1022 1786 Norbertus
1034 1720 1197 1786 successit.

151 1808 227 1892 Apu
262 1804 432 1871 Gorbeiam
445 1805 584 1887 Wisura‚
596 1803 699 1890 glaeie
716 1806 808 1892 quasi
824 1805 916 1871 obice
932 1827 1002 1870 eam
1014 1803 1199 1890 repellente,

72 1889 262 1954 inundando
283 1898 383 1954 totam
405 1886 494 1953 urbis
516 1911 623 1954 aream
640 1898 785 1988 occupat,
808 1891 1029 1975 pavimentum
1044 1887 1197 1954 ecclesiae

73 1975 215 2060 preciosi
237 1975 408 2058 martyris⁰
424 1973 491 2036 Viti
514 1995 601 2038 more
624 1983 728 2060 stagnr
752 1976 903 2059 contegit,
926 1983 975 2039 set
996 1970 1091 2058 paulo
1113 1984 1196 2058 post,

75 2057 253 2145 opitulante
275 2058 387 2122 eodem
415 2068 535 2141 sancto,
563 2058 633 2122 sine
659 2059 802 2143 periculo
829 2059 871 2123 ad
901 2058 1029 2122 solitum
1055 2066 1197 2122 meatum

72 2142 167 2207 redit.
221 2143 371 2206 Preterea
397 2139 506 2206 multis
534 2141 605 2206 aliis
634 2143 668 2206 in
696 2141 775 2207 locis
802 2143 1002 2209 diversarum
1028 2141 1197 2226 regionum

73 2227 185 2313 magni
207 2235 342 2290 terrores
363 2247 420 2290 seu
441 2225 585 2312 pericula
613 2248 654 2290 ex
681 2228 780 2291 nimia
806 2248 960 2314 aquarum
987 2228 1196 2293 inundatione

73 2312 161 2376 conti
186 2319 287 2375 erunt.

149 2332 314 2480 dreqnens
337 2395 519 2479 principum
550 2403 726 2461 conventus
750 2393 917 2460 Goslariae
945 2418 1023 2482 rege
1049 2405 1197 2496 presente

1 2497 3 2510 ⁸
73 2479 119 2544 fit.
157 2478 333 2564 Expeditio
355 2486 429 2562 post
450 2488 656 2564 pentecosten
671 2488 781 2543 contra
802 2479 917 2544 ducem
933 2479 1133 2545 Fridencum
1155 2481 1199 2546 ab

75 2563 227 2628 omnibus
249 2562 456 2627 collaudatur.

149 2647 231 2722 Rex,
253 2658 347 2733 rapta
368 2649 437 2712 acie
459 2646 634 2710 admodum
656 2667 766 2733 parva,
788 2647 822 2709 in
838 2646 1004 2712 Boemiam
1026 2669 1085 2733 pro
1106 2649 1197 2712 resti-

72 2731 196 2797 tuendo
219 2731 347 2810 Ottone‚
399 2733 432 2795 ui
452 2732 570 2796 iniuste
591 2730 711 2795 honore
732 2730 895 2816 predictae
922 2731 1106 2819 provinciae
1132 2732 1199 2818 pri-

73 2823 187 2879 vatum
219 2838 253 2880 se
308 2752 489 2898 uerelatur,
516 2815 628 2897 tendit,
657 2816 785 2879 incaute
811 2815 951 2902 quidem.
1005 2816 1082 2881 Tria
1110 2817 1197 2881 enim

73 2898 175 2981 milia,
198 2921 262 2963 non
283 2838 366 2986 pilus,
387 2921 496 2964 secum
518 2901 706 2985 assumpsit,
728 2898 867 2964 hostium
889 2921 965 2965 vero
980 2901 1022 2965 20
1038 2899 1127 2964 milia
1141 2910 1199 2967 aut

74 2982 215 3070 amplius
235 2993 334 3048 erant.
370 2984 512 3048 Ducenti
526 3005 602 3049 vero
618 2983 832 3070 expeditiores
846 3006 954 3070 regem
969 2984 1197 3069 precedebant,

74 3067 116 3132 ad
146 3067 360 3154 precidendas
385 3067 554 3152 indagines
580 3067 689 3152 silvae,
721 3090 784 3154 que
810 3068 977 3133 Boemiam
1006 3090 1026 3133 a
1054 3067 1200 3134 Saxonis

2 3183 10 3264 p
74 3151 287 3235 disterminat,
309 3154 466 3239 dispositi.
500 3152 645 3238 Dumque
667 3153 700 3216 hi
721 3173 780 3238 per
801 3152 889 3215 invia
903 3161 934 3216 et
947 3152 1084 3240 abrupta
1097 3152 1196 3218 silvae

140 3315 250 3385 *)A1
277 3316 356 3368 odd„-
387 3317 477 3366 Anno
508 3317 646 3367 Domini
678 3313 822 3382 1099.(t)
850 3314 1055 3366 Fridericus
1081 3329 1198 3366 eomes

189 3385 251 3441 de‘¹
270 3391 466 3455 arnesberg
485 3390 587 3451 obiit,
613 3392 671 3456 qui
691 3394 808 3441 eontra
834 3389 981 3440 comites
1008 3387 1048 3438 de
1068 3387 1195 3453 Capen-

188 3465 271 3531 berg
295 3465 353 3515 diu
373 3463 617 3514 dimicaverat.
656 3462 805 3513 Tandem
826 3463 969 3512 cumeis
994 3461 1029 3510 in
1055 3476 1198 3512 coneor-
1277 3515 1281 3526 ¹

190 3539 273 3589 diam
287 3539 462 3599 redierat,
482 3535 562 3588 date
578 3537 696 3589 maiori
709 3536 816 3587 fratri
831 3533 1021 3587 Gadeirido
1036 3533 1116 3584 filia
1135 3547 1197 3585 sua

186 3615 219 3663 in
240 3612 449 3678 coniugium.

417 3738 581 3790 Reeeasio
601 3736 643 3788 ΙΙ.
662 3736 755 3789 codd.
774 3736 808 3788 B.
828 3735 855 3787 0.

5 3813 7 3826 ’
76 3833 140 3886 89.t
158 3833 220 3885 loeo
247 3833 281 3882 ab
300 3833 431 3897 Augusto,
451 3823 503 3881 abl
522 3830 644 3881 omnibns
662 3829 689 3878 in
708 3843 798 3893 regem
819 3828 935 3894 eligitur,
961 3833 987 3879 et
1007 3826 1135 3880 Coloniae
1161 3827 1195 3878 ab

76 3908 281 3974 archiepiscopo
301 3905 440 3956 Friderico
462 3919 521 3954 cum
542 3903 656 3969 coniuge
682 3918 731 3954 sna
751 3901 859 3952 domina
877 3901 996 3952 Rieheea
1016 3907 1197 3962 consecratur,

76 3982 334 4047 regnavitque&
352 3979 449 4028 annis
471 3978 512 4028 13.

420 4045 450 4110 2.
493 4046 588 4108 Anno
610 4041 744 4107 Domini
768 4042 858 4106 1126.

83 3723 286 3733 ..-—--——-

147 4137 304 4189 Fridericus
320 4135 374 4187 dux
386 4134 508 4186 Alsstiae
528 4151 598 4186 nova
616 4133 732 4200 quedam
752 4137 846 4183 contra
861 4146 952 4197 regem
966 4125 1105 4195 molitnsl,
1124 4131 1196 4196 prin-

7 4235 9 4292 ,
76 4213 164 4280 cipum
184 4211 286 4262 iudicio
307 4211 475 4276 dampnatur.

76 4360 255 4413 a)nsuA1.2.
299 4355 324 4408 b)
338 4355 505 4396 montaral?
550 4351 747 4405 c)matyrisA1.
793 4348 817 4400 d)
834 4347 1023 4400 (κτητο)
1040 4349 1199 4399 88.ροε1ωνν.

8 4441 22 4468 e.
76 4423 109 4464 tt.
125 4421 169 4463 02.
231 4418 296 4469 nab
312 4417 418 4456 omnibus
434 4415 477 4456 der.
493 4413 536 4454 02.
596 4410 619 4464 g)
637 4422 681 4463 que
696 4412 752 4452 deest
768 4410 812 4450 01.
872 4407 897 4463 h)
914 4407 1069 4450 molttanl.
1086 4407 1130 4447 02.
