2970 4996
274 389 309 439 64
466 388 654 441 CHRONIOA
674 387 787 440 REGIA
807 387 1047 441 COLONIENSIS
1067 389 1099 442 A.
1122 389 1202 442 1126.

642 561 805 614 Berensio
825 561 849 611 I.
869 553 962 614 codd.
983 561 1017 613 A.

272 666 365 752 quasi
396 674 544 751 repentes
575 664 765 740 laborarent,
797 675 887 729 tum·
909 667 1031 729 nivium
1064 665 1295 752 magnitudine,
1324 675 1397 730 tum

269 751 457 836 indaginum
489 749 645 813 incisione
677 749 810 834 fatigati,
843 749 983 814 hostium
1010 750 1133 814 insidiis
1161 773 1202 814 ex
1228 750 1396 835 inproviso

271 835 572 899 circumveniuntur.
616 832 858 898 Obtruncantur
878 835 923 898 ibi
944 832 1089 980 pleriguc
1111 845 1214 900 terrae
1234 832 1396 914 meliores,

270 920 332 985 viri
358 918 454 982 fortes
482 927 513 982 et
540 916 672 998 nobiles,
699 917 787 981 domi
814 916 990 1003 militiaque
1017 919 1104 982 cari.
1148 916 1275 999 Quibus
1305 919 1332 981 si
1362 919 1396 981 in

270 1002 366 1090 plano
399 1000 626 1087 congrediendi
659 1002 754 1086 copia
786 1010 878 1084 esset,
911 1002 1066 1087 profecto,
1099 1011 1237 1088 quantae
1267 1003 1396 1066 virtutis

271 1096 386 1168 essent,
414 1088 550 1171 posteris
577 1085 776 1150 innotuisset.
832 1084 959 1151 Cadunt
991 1096 1098 1150 tamen
1127 1108 1191 1150 non
1221 1095 1257 1150 ut
1282 1087 1397 1170 ignavi

270 1181 327 1235 aut
347 1171 514 1255 fugientes.
557 1169 660 1233 Nemo
681 1169 728 1234 ibi
749 1189 861 1233 averso
881 1169 981 1250 vultu,
1005 1170 1092 1255 quod
1107 1171 1233 1255 signum
1249 1180 1298 1234 est
1311 1169 1397 1255 fugi·

271 1255 370 1336 entis,
403 1263 452 1317 set
479 1254 613 1318 adverso
641 1254 769 1318 corruit.
824 1253 928 1333 Quem
959 1254 1093 1352 quisque
1120 1253 1224 1318 locum
1253 1254 1396 1318 vivendo

271 1338 418 1424 optinuit,
442 1360 514 1402 eum
538 1336 701 1401 moriendo
722 1359 787 1400 non
809 1338 922 1402 amisit.
957 1339 1108 1402 Hostmm
1130 1348 1252 1422 strages
1274 1359 1397 1422 magna

270 1422 338 1486 fuit.
393 1421 470 1488 Otto
500 1442 637 1507 quoque,
672 1421 762 1485 cuius
795 1443 893 1506 supra
920 1423 1112 1486 mentionem
1138 1422 1281 1500 fecimus,
1310 1426 1398 1486 inter

270 1505 410 1570 hostiurn
422 1505 579 1569 cadavera
590 1505 821 1570 confertissima
832 1506 988 1570 exanimis
1003 1515 1146 1591 repertus
1162 1517 1219 1574 est.
1247 1506 1396 1570 Marchio

271 1588 495 1671 Adelbertusb,
529 1590 677 1674 egregiae
709 1589 824 1653 indolis
851 1591 976 1654 iuvenis
1008 1600 1040 1655 et
1068 1590 1224 1670 militaris,
1254 1591 1396 1676 capitur.

272 1674 344 1754 Quo
378 1674 498 1756 audito,
530 1696 588 1737 rex
620 1673 757 1738 atrocior
789 1675 822 1736 in
853 1672 977 1738 hostem
1011 1675 1187 1738 concitatus
1219 1683 1251 1738 et
1278 1683 1315 1738 ut
1340 1673 1396 1738 leo

271 1758 428 1839 efferatus,
452 1779 580 1844 pugnae
603 1780 637 1823 se
659 1767 818 1841 preparat,
842 1759 948 1821 omnia
970 1759 1129 1843 experiri⁰
1150 1757 1270 1823 malens
1317 1781 1395 1822 uam

270 1844 356 1927 turpi
385 1842 462 1927 fuga
491 1842 616 1928 sibique
643 1843 770 1906 insolita
798 1843 862 1906 vite
892 1841 1068 1924 consulere,
1098 1843 1163 1925 etd,
1188 1852 1225 1907 ut
1246 1841 1285 1908 de
1326 1843 1396 1907 ulio

271 1929 425 2012 scriptum
448 1936 531 1991 est¹:

376 2011 448 2074 Ινεθ
470 2009 518 2074 vet
539 2013 576 2074 in
599 2009 707 2074 clades
723 2019 897 2094 properat,
921 2010 997 2074 dum
1020 2012 1150 2096 gaudia
1172 2013 1286 2075 turbet.

270 2093 505 2158 Womeiriousf
526 2114 601 2158 vero
630 2131 668 2141 —
696 2115 770 2156 nam
792 2092 826 2157 id
852 2116 969 2157 nomen
996 2103 1064 2158 erat
1090 2095 1120 2159 ei
1148 2096 1204 2180 qui
1224 2094 1398 2159 Boemiam

271 2177 410 2241 obtinuit
432 2216 482 2258 -,
504 2177 614 2242 audita
634 2179 720 2262 regis
745 2178 923 2242 constantia
945 2177 985 2243 dc
1014 2178 1158 2243 adversis
1188 2179 1318 2244 casibus
1347 2178 1396 2242 nil

270 2260 457 2341 tremefacti,
490 2263 631 2346 expavit,
668 2261 829 2347 supplices
864 2261 905 2325 ad
941 2285 1050 2347 regem
1086 2262 1115 2328 le
1138 2272 1208 2327 atos
1243 2262 1395 2328 destinat.

270 2343 416 2408 Tandem
438 2343 596 2408 adductus
619 2366 725 2409 coram
748 2367 835 2428 rege,
857 2347 1077 2431 prosternitur..
1148 2349 1264 2432 enique
1287 2349 1396 2446 gratia

270 2430 356 2514 regis
377 2430 434 2492 vix
456 2431 624 2514 inpetrata,
646 2429 741 2494 homo
763 2430 849 2514 regis
871 2429 1016 2512 efficitur,
1041 2429 1157 2494 amodo
1180 2453 1213 2496 se
1235 2453 1304 2515 reg1
1319 2431 1395 2497 sub-

270 2512 373 2576 ditum
395 2525 427 2576 et
447 2512 574 2576 fidelem
596 2513 663 2578 fore
685 2515 863 2578 iuramento
886 2515 1062 2587 confirmat,
1085 2515 1229 2600 captivos
1257 2514 1394 2580 reddere

270 2619 305 2662 re
330 2597 472 2677 romittit,
495 2598 693 2695 provinciam
716 2598 749 2660 in
771 2597 963 2662 beneficium
978 2599 1107 2684 accipit.
1142 2599 1204 2663 His
1218 2600 1309 2680 actis,
1332 2621 1395 2662 rex

269 2703 290 2827 d
314 2679 443 2744 modurn
467 2682 566 2745 tristis
588 2703 684 2766 super
704 2683 952 2746 fortissimorum
974 2682 1111 2747 militum
1133 2683 1263 2749 interitu
1285 2704 1393 2768 regre-
1482 2741 1484 2746 .

293 2765 366 2828 itur.

343 2848 415 2912 Rex
437 2847 674 2934 expeditionem
695 2857 802 2913 movet
824 2872 920 2936 super
934 2849 1133 2915 Fridericum
1148 2850 1285 2915 ducem&
1299 2848 1394 2915 Alsa·

271 2932 356 3014 ciae;
384 2939 432 2996 set
458 2952 495 2996 ec
524 2933 558 2994 in
584 2933 758 2996 munitiora
784 2941 887 2998 terrae
917 2955 993 2998 suae
1020 2957 1089 2999 sese
1117 2935 1301 3020 recipiente,
1331 2957 1393 2999 rex

270 3015 387 3081 infecto
403 3016 531 3101 negotio
546 3015 639 3080 redit.
714 3015 885 3081 Heinricus
907 3017 975 3081 dux
989 3017 1156 3082 Baioariae
1178 3030 1209 3084 et
1224 3040 1308 3083 uxor
1323 3021 1393 3084 eius

270 3098 446 3181 Wilfhilth,
469 3099 534 3164 filia
555 3100 646 3163 ducis
670 3099 836 3165 Saxonum
858 3103 978 3186 Magni,
1002 3102 1157 3166 obierunt.

343 3184 492 3249 Treveris
507 3184 594 3269 apud
610 3184 763 3250 Sanctum
776 3184 972 3249 Eucherium
987 3187 1144 3271 reperitur
1158 3208 1213 3250 cor
1236 3208 1273 3250 us
1288 3187 1394 3251 sancti

270 3267 412 3333 Mathiae
433 3267 572 3367 apostoli
587 3269 699 3335 subtus
714 3267 813 3335 altare
829 3268 979 3334 Iohannis
994 3271 1162 3355 baptistae.
1205 3209 1278 3351 (Euo
1293 3271 1393 3356 digne

269 3351 384 3434 locat0,
408 3352 560 3499 deinceps
582 3351 623 3417 ab
647 3355 734 3417 omni
754 3351 874 3439 populo
896 3352 1096 3419 Theutonico
1126 3356 1268 3420 maxima
1295 3355 1394 3418 devo·

269 3438 356 3502 tione
378 3459 416 3500 co
430 3437 502 3501 itur.

281 3599 482 3609 —--.-

608 3653 773 3706 Recensio
794 3654 834 3707 ΙΙ.
856 3656 950 3706 codd.
971 3655 1004 3709 B.
1026 3654 1054 3705 0.

345 3755 482 3810 Treverisi
503 3761 573 3826 apud
588 3763 715 3813 Sanctum
729 3764 890 3815 Eucherium
910 3766 1040 3831 reperitur
1060 3781 1155 3831 corpus
1171 3766 1257 3816 sancti
1272 3765 1394 3816 Mathiae

272 3833 388 3898 apostoli
408 3833 501 3883 subtus
520 3834 605 3884 altare
625 3838 742 3886 sancti
762 3837 891 3888 Iohannis
911 3839 1058 3904 baptystac.

344 3907 488 3957 Heinricus
508 3907 561 3956 dux
580 3909 704 3958 Baioarie
725 3910 799 3960 obiit.

271 4095 293 4147 a)
310 4097 463 4138 tuncA1.2.
515 4097 729 4150 b)AlbcrtnsA1.
776 4099 798 4152 c)
812 4103 920 4151 experire
935 4103 990 4152 A13
1007 4107 1102 4154 experta
1119 4113 1187 4153 quam
1203 4103 1253 4145 Aa.
1305 4101 1329 4154 d)
1345 4105 1393 4145 vsl·

272 4159 297 4196 ut
313 4156 362 4195 Α2.
409 4154 430 4206 e)
447 4158 485 4197 Ire
502 4180 528 4188 -
546 4159 622 4198 clades
638 4159 681 4198 des.
698 4159 770 4208 spacio
785 4161 933 4204 vacantem.
980 4161 1219 4214 OWothericusM.
1266 4161 1290 4214 g)
1307 4164 1393 4203 comi·

272 4219 327 4256 tem
343 4214 699 4266 AlcaeiaA23AlsaziasA1,
759 4217 980 4268 h)Wilt'ihltA1.
1012 4236 1041 4256 =
1071 4219 1088 4272 1)
1105 4221 1208 4262 Trevara
1223 4221 1267 4262 cl.

273 4382 300 4445 1)
319 4383 422 4436 Lucan.
441 4383 509 4436 Bell.
531 4382 587 4438 cto.
608 4384 653 4446 VI,
675 4385 736 4439 ast.
