2942 4998
364 911 366 915 Ι
437 967 555 1034 PARS
576 966 795 1034 SECUNDA

377 1086 401 1115 aa
417 1076 540 1116 Annalibus
555 1057 793 1118 Pulueris-naamatites
810 1083 888 1122 sunau.

428 1171 594 1224 Recensio
614 1173 638 1225 1.
658 1174 748 1226 codd.
769 1175 802 1225 A.

132 1256 255 1320 Verum
287 1255 460 1321 Heinricus
487 1257 773 1345 Magdeburgensis
807 1261 974 1346 episcopus
1006 1271 1039 1326 et
1064 1262 1251 1326 Brunorroe.

42 1341 258 1406 Trevireneis
272 1341 333 1406 iter
346 1363 439 1406 suum
453 1343 581 1408 incaute
603 1343 817 1429 disponenteS‚
838 1346 872 1408 in
886 1345 1055 1410 Trendile¹
1080 1347 1175 1411 inter-

46 1426 144 1512 cepti
168 1433 250 1507 sunt,
272 1435 320 1490 set
339 1447 404 1490 non
422 1425 520 1525 paulo
543 1437 616 1513 post
631 1449 651 1490 a
672 1429 819 1513 captione
844 1428 939 1495 soluti
960 1441 1173 1497 revertuntur.

131 1509 229 1575 Oirca
240 1509 518 1597 quadragesimam
532 1532 651 1575 novum
664 1524 696 1577 et
705 1514 904 1578 tremendum
919 1515 953 1579 in
964 1515 1032 1580 celo
1048 1517 1175 1602 signum
1184 1534 1247 1576 rur.
1256 1536 1277 1577 e.

45 1595 218 1679 apparuit.
261 1594 344 1657 Nam
372 1617 431 1679 per
453 1596 618 1660 continuas
647 1605 710 1662 tres
732 1596 928 1663 ebdomadas
956 1610 1011 1665 aut
1037 1599 1174 1686 amplius

42 1699 169 1743 versus
182 1677 379 1742 occidentem
392 1677 481 1744 stella
492 1679 662 1763 oriebatur,
676 1681 801 1745 radium
815 1681 1005 1747 latissimum
1020 1685 1062 1749 ad
1075 1685 1175 1748 instar

43 1761 171 1826 solaris
191 1762 503 1850 lampadislvespere
526 1765 698 1829 occidentis
720 1767 882 1847 emittens,
911 1778 944 1831 et
963 1766 1091 1854 longam
1114 1767 1174 1832 celi

43 1856 182 1946 partem
207 1868 320 1911 versus
349 1849 501 1913 orientem
529 1848 589 1913 hoc
617 1847 786 1934 splendore
813 1848 1024 1917 illuminabat.
1073 1851 1174 1916 Filius

44 1954 95 1995 1m
126 1931 259 1995 aratoris
273 1931 388 1996 festum
409 1931 590 2018 palmarum
605 1931 768 2015 Coloniae,
790 1936 944 2000 invitatus
966 1935 1007 2001 ab
1029 1935 1173 2000 eiusdem
1183 1952 1248 1995 Mart.
1258 1952 1293 1994 18.

46 2038 87 2080 se
115 2016 144 2079 is
167 2016 327 2101 episcopo,
350 2017 426 2102 agit.
468 2016 548 2081 Inde
569 2015 767 2103 Aquisgrani
795 2019 913 2102 tendit,
943 2019 1064 2106 paseha
1085 2020 1173 2106 apud
1183 2038 1291 2083 uerear.

44 2099 214 2164 Leodium
235 2109 381 2183 acturus,
407 2100 463 2164 ubi
484 2112 576 2186 pater
604 2105 671 2166 eius
700 2111 776 2166 tunc
796 2103 949 2188 temporis
978 2105 1173 2169 morabatur.

46 2185 207 2282 Cumque
236 2182 432 2270 Aquisgrani
459 2186 615 2268 venisset,
650 2186 805 2272 quosdam
833 2210 963 2252 suorum
990 2189 1093 2274 princi
1119 2211 1174 2252 um

45 2269 203 2355 premrsit
224 2268 393 2334 observare
415 2279 556 2355 pontem,
579 2271 654 2355 qui⁸
680 2280 767 2335 trans
789 2272 913 2336 Mosam
940 2272 1060 2337 flumen
1086 2211 1175 2339 ducit

45 2352 94 2417 ad
114 2352 270 2450 oppidum
285 2353 425 2439 Wegsaz
435 2365 456 2419 ².
489 2354 538 2419 Ibi
553 2353 724 2419 Heinricus
747 2355 814 2419 dux
828 2356 1054 2442 Lotharingiae
1076 2358 1174 2422 filius-

48 2459 121 2537 que
144 2459 213 2502 erus
226 2436 376 2537 Paganus
397 2448 429 2504 et
451 2436 645 2503 Godefridus
668 2439 708 2503 de
729 2439 848 2506 Namut
875 2441 1039 2507 venientes
1064 2441 1174 2529 nilque

46 2531 206 2586 trmentes
238 2523 412 2608 excrpiunt‚
444 2522 621 2605 vulnerant,
653 2523 823 2606 trucidant,
853 2525 972 2610 fugant.
1024 2527 1173 2613 Denique

399 2648 560 2701 Reoeuss’o
580 2649 621 2702 ΙΙ.
643 2652 735 2703 codd.
754 2651 788 2702 B.
810 2649 837 2703 O.

456 2724 555 2762 manucla·
569 2723 592 2766 S.
609 2724 756 2767 Pantalcom's.

134 2794 266 2866 [Verumb
279 2800 443 2851 Heinricus⁰
461 2801 683 2868 Madeburgeusie
704 2805 845 2870 episcopus
865 2806 892 2854 et
906 2803 995 2853 Bruno
1008 2801 1173 2855 Trevirensie

48 2877 108 2924 iter
123 2888 200 2924 enum
216 2874 324 2923 incante
344 2874 525 2941 disponentes,
542 2877 569 2925 iu
582 2876 709 2927 Trendile
721 2878 864 2942 intercepti
876 2882 946 2937 sunt,
965 2876 1014 2927 sed
1028 2893 1080 2928 non
1093 2876 1174 2943 paulo

49 2952 119 3014 post
139 2963 156 2996 a
177 2948 300 3012 captione
319 2946 399 2999 soluti
418 2947 604 3016 revertunturl.

134 3019 216 3070 Circa
235 3020 467 3086 quadragesimam
486 3038 583 3073 novum
603 3028 630 3074 et
648 3022 815 3074 tremendum
839 3023 868 3072 in
887 3022 947 3073 celo
966 3024 1071 3088 signum
1091 3037 1174 3088 appa·

50 3095 119 3145 ruit.
153 3093 222 3143 Nam
240 3110 289 3160 per
304 3095 444 3146 continuae
462 3100 516 3146 tres
533 3096 697 3147 ebdomedas
716 3092 783 3147 autd
800 3095 914 3162 amplius
933 3111 1026 3148 versus
1047 3096 1174 3146 occiden-

51 3174 113 3218 tem
141 3165 223 3218 stella
247 3167 394 3230 oriebatur,
422 3169 525 3220 radium
554 3169 712 3222 latissimum
742 3169 776 3220 ad
806 3171 892 3220 instar
920 3169 1014 3221 solario
1042 3169 1175 3236 lampadis

51 3256 175 3307 vespere
193 3241 341 3292 occidentis
361 3243 493 3306 emittens,
513 3250 540 3294 et
557 3243 665 3308 longam
685 3241 737 3294 celi
756 3247 860 3309 partem
873 3258 964 3294 versus
978 3243 1106 3294 orientem
1123 3245 1175 3293 hoc

53 3319 204 3386 splendore
225 3320 399 3372 illuminabat.
446 3307 571 3397 [Annoe
587 3310 720 3374 Domini
736 3309 855 3456 mli
864 3306 999 3373 Cometa
1016 3310 1174 3395 apparuit.

54 3392 192 3480 [Iterum
204 3391 214 3433 f
228 3393 309 3456 inter
323 3391 508 3457 Heinricum
528 3396 754 3479 imperatorum
778 3403 809 3457 et
857 3394 1011 3458 einricum
1033 3404 1176 3478 regemss,

54 3475 162 3540 filium
185 3476 264 3558 eius,
286 3478 504 3542 controversia
526 3480 648 3565 oritur].
692 3477 780 3557 Quih
802 3477 973 3541 Heinricus
995 3499 1054 3540 rex
1078 3491 1176 3540 sesam

53 3567 209 3634 palmarum
229 3566 340 3618 colonie
360 3569 424 3633 agit,
443 3569 570 3621 invitatus
590 3570 624 3619 ab
644 3569 763 3620 eiusdem
776 3568 848 3620 sedis
861 3568 1075 3635 archiepiscopo.
1107 3567 1175 3618 Inde

54 3641 224 3706 Aquisgrani
242 3640 341 3704 tendit,
361 3642 462 3707 pascha
481 3643 552 3710 apud
571 3642 703 3694 Leodium
722 3649 845 3704 acturus,
870 3642 917 3692 nbi
940 3646 1004 3692 tnnc
1023 3649 1100 3708 pater
1119 3643 1175 3693 eius

54 3713 222 3765 morabatur.
261 3714 380 3781 Cumque
400 3711 577 3782 aquisgranii
596 3717 721 3778 venisset,
744 3714 873 3782 quosdam
893 3731 999 3767 suorum
1025 3717 1175 3782 principum

54 3788 183 3854 premisit
201 3787 344 3838 observare
364 3795 480 3855 pontem,
500 3791 546 3856 qui
565 3797 637 3841 trans
656 3791 760 3840 Mosam
780 3790 886 3840 flurium
907 3788 981 3840 ducit
999 3789 1033 3839 ad
1047 3789 1174 3856 oppidum

54 3861 188 3926 Wegsaa.
230 3860 273 3911 Ibi
297 3861 440 3913 Heinricus
473 3863 526 3913 dux
551 3863 725 3927 Lotharingie
745 3868 772 3913 et
793 3863 928 3927 Paganns,
957 3862 1026 3914 filius
1054 3865 1119 3923 eius,
1150 3868 1177 3912 et

56 3933 223 3985 Godeiridus
255 3950 369 3986 comes
404 3935 438 3985 de
461 3937 561 3986 Namut
590 3939 728 3987 venientes
758 3936 850 4002 nilque
880 3937 1004 3987 timentes
1029 3937 1174 4002 excipiunt,

55 4007 211 4069 vulnerant,
230 4007 372 4071 trucidant,
390 4009 493 4074 fugant,
513 4010 570 4060 nbi
590 4009 625 4061 ad
645 4010 699 4060 200
719 4011 822 4075 equites
843 4009 1026 4074 dimerguntur
1046 4015 1073 4060 et
1085 4009 1175 4076 plures

56 4133 81 4186 a)
98 4147 143 4186 que
160 4136 213 4177 Al.
243 4150 273 4172 =
302 4135 326 4188 b)
343 4136 450 4177 buecdea
467 4138 516 4178 Bl.
533 4137 577 4180 08.
652 4135 673 4187 c)
690 4137 805 4177 Hernicus
821 4137 855 4176 01
872 4147 959 4186 semper.
1034 4133 1058 4187 d)
1074 4137 1113 4178 vel
1129 4136 1175 4177 02.

58 4193 82 4245 e)
96 4197 128 4236 ita
142 4197 205 4236 colae
220 4195 262 4235 01.
336 4193 421 4247 obsec
435 4196 478 4236 dea.
495 4196 541 4236 01.
616 4195 639 4250 g)
655 4198 711 4236 deest
726 4196 770 4238 02.
845 4194 868 4247 h)
885 4196 958 4236 Filius
974 4197 1121 4246 imperatoris
1137 4194 1175 4235 01

59 4253 92 4305 (ut
107 4253 145 4306 A).
206 4254 224 4307 i)
241 4255 314 4303 Aquis
330 4255 376 4296 01.

63 4374 89 4441 1)
107 4377 209 4430 Trient.
285 4377 314 4444 2)
333 4378 418 4430 Viset.
