<?xml version="1.0" encoding="UTF-8"?>
<!DOCTYPE html PUBLIC "-//W3C//DTD XHTML 1.0 Transitional//EN"
    "http://www.w3.org/TR/xhtml1/DTD/xhtml1-transitional.dtd">
<html xmlns="http://www.w3.org/1999/xhtml" xml:lang="en" lang="en">
 <head>
  <title>
</title>
<meta http-equiv="Content-Type" content="text/html;charset=utf-8" />
  <meta name='ocr-system' content='tesseract 3.04.00' />
  <meta name='ocr-capabilities' content='ocr_page ocr_carea ocr_par ocr_line ocrx_word'/>
</head>
<body>
  <div class='ocr_page' id='page_1' title='image "./chronicaregiaco01waitgoog_0217.png"; bbox 0 0 2924 5006; ppageno 0'>
   <div class='ocr_carea' id='block_1_1' title="bbox 111 422 1131 478">
    <p class='ocr_par' dir='ltr' id='par_1_1' title="bbox 111 422 1131 478">
     <span class='ocr_line' id='line_1_1' title="bbox 111 422 1131 478; baseline -0.004 -1"><span class='ocrx_word' id='word_1_1' title='bbox 111 425 296 478; x_wconf 76' lang='lat' dir='ltr'>cflssomcl</span> <span class='ocrx_word' id='word_1_2' title='bbox 316 425 429 478; x_wconf 79' lang='lat' dir='ltr'><strong>REGIA</strong></span> <span class='ocrx_word' id='word_1_3' title='bbox 449 424 702 477; x_wconf 80' lang='lat' dir='ltr'>OOLONIENSIS.</span> <span class='ocrx_word' id='word_1_4' title='bbox 724 424 826 477; x_wconf 79' lang='lat' dir='ltr'>CONT.</span> <span class='ocrx_word' id='word_1_5' title='bbox 840 424 879 475; x_wconf 90' lang='lat'>11.</span> <span class='ocrx_word' id='word_1_6' title='bbox 898 424 931 474; x_wconf 82' lang='lat' dir='ltr'>A.</span> <span class='ocrx_word' id='word_1_7' title='bbox 948 423 1028 475; x_wconf 75' lang='lat'><strong>1209.</strong></span> <span class='ocrx_word' id='word_1_8' title='bbox 1079 422 1131 473; x_wconf 77' lang='grc'>186</span> 
     </span>
    </p>
   </div>
   <div class='ocr_carea' id='block_1_2' title="bbox 21 589 1131 1950">
    <p class='ocr_par' dir='ltr' id='par_1_2' title="bbox 21 589 1131 1950">
     <span class='ocr_line' id='line_1_2' title="bbox 42 589 1131 678; baseline -0.001 -21"><span class='ocrx_word' id='word_1_9' title='bbox 42 613 135 658; x_wconf 89' lang='lat' dir='ltr'>onens</span> <span class='ocrx_word' id='word_1_10' title='bbox 158 613 213 656; x_wconf 89' lang='lat' dir='ltr'>eos</span> <span class='ocrx_word' id='word_1_11' title='bbox 235 591 492 677; x_wconf 86' lang='lat' dir='ltr'>conpaciiieavit,</span> <span class='ocrx_word' id='word_1_12' title='bbox 524 612 563 657; x_wconf 88' lang='lat' dir='ltr'>ac</span> <span class='ocrx_word' id='word_1_13' title='bbox 590 589 706 657; x_wconf 86' lang='lat' dir='ltr'>deinde</span> <span class='ocrx_word' id='word_1_14' title='bbox 727 592 806 677; x_wconf 90' lang='lat' dir='ltr'>ipsis</span> <span class='ocrx_word' id='word_1_15' title='bbox 829 591 989 678; x_wconf 87' lang='lat' dir='ltr'>episcopis</span> <span class='ocrx_word' id='word_1_16' title='bbox 1011 592 1131 677; x_wconf 90' lang='lat' dir='ltr'>astipu-</span> 
     </span>
     <span class='ocr_line' id='line_1_3' title="bbox 21 614 1130 761; baseline -0.001 -20"><span class='ocrx_word' id='word_1_17' title='bbox 21 614 166 757; x_wconf 66' lang='lat' dir='ltr'>Entibus,</span> <span class='ocrx_word' id='word_1_18' title='bbox 211 673 408 740; x_wconf 74' lang='lat' dir='ltr'>sollemniter</span> <span class='ocrx_word' id='word_1_19' title='bbox 442 675 636 760; x_wconf 87' lang='lat' dir='ltr'>procedens,</span> <span class='ocrx_word' id='word_1_20' title='bbox 681 675 722 741; x_wconf 89' lang='lat' dir='ltr'>ab</span> <span class='ocrx_word' id='word_1_21' title='bbox 759 676 916 761; x_wconf 83' lang='lat' dir='ltr'>Hugardo</span> <span class='ocrx_word' id='word_1_22' title='bbox 952 674 1130 741; x_wconf 89' lang='lat' dir='ltr'>Leodiense</span> 
     </span>
     <span class='ocr_line' id='line_1_4' title="bbox 23 758 1130 846; baseline -0.001 -21"><span class='ocrx_word' id='word_1_23' title='bbox 23 759 181 846; x_wconf 87' lang='lat' dir='ltr'>episcopo,</span> <span class='ocrx_word' id='word_1_24' title='bbox 220 760 277 846; x_wconf 91' lang='lat' dir='ltr'>qui</span> <span class='ocrx_word' id='word_1_25' title='bbox 308 759 350 823; x_wconf 86' lang='lat' dir='ltr'>ad</span> <span class='ocrx_word' id='word_1_26' title='bbox 378 758 439 823; x_wconf 90' lang='lat' dir='ltr'>hoo</span> <span class='ocrx_word' id='word_1_27' title='bbox 471 759 579 845; x_wconf 89' lang='lat' dir='ltr'>ipsum</span> <span class='ocrx_word' id='word_1_28' title='bbox 611 759 792 845; x_wconf 82' lang='lat' dir='ltr'>specialiter</span> <span class='ocrx_word' id='word_1_29' title='bbox 817 758 1004 843; x_wconf 86' lang='lat' dir='ltr'>advenerat,</span> <span class='ocrx_word' id='word_1_30' title='bbox 1041 781 1130 824; x_wconf 92' lang='lat' dir='ltr'>more</span> 
     </span>
     <span class='ocr_line' id='line_1_5' title="bbox 23 841 1130 931; baseline -0.001 -22"><span class='ocrx_word' id='word_1_31' title='bbox 23 843 228 909; x_wconf 86' lang='lat' dir='ltr'>ecclesiastico</span> <span class='ocrx_word' id='word_1_32' title='bbox 270 841 403 908; x_wconf 79' lang='lat' dir='ltr'>Colonia</span> <span class='ocrx_word' id='word_1_33' title='bbox 439 844 473 907; x_wconf 89' lang='lat' dir='ltr'>in</span> <span class='ocrx_word' id='word_1_34' title='bbox 512 843 791 931; x_wconf 88' lang='lat' dir='ltr'>archiepiscopum</span> <span class='ocrx_word' id='word_1_35' title='bbox 831 853 880 909; x_wconf 92' lang='lat' dir='ltr'>est</span> <span class='ocrx_word' id='word_1_36' title='bbox 914 853 1130 908; x_wconf 87' lang='lat' dir='ltr'>consecratus.</span> 
     </span>
     <span class='ocr_line' id='line_1_6' title="bbox 23 925 1129 1013; baseline 0 -21"><span class='ocrx_word' id='word_1_37' title='bbox 23 927 182 992; x_wconf 88' lang='lat' dir='ltr'>Heinricus</span> <span class='ocrx_word' id='word_1_38' title='bbox 207 926 386 992; x_wconf 89' lang='lat' dir='ltr'>Mindensis</span> <span class='ocrx_word' id='word_1_39' title='bbox 415 928 584 1013; x_wconf 88' lang='lat' dir='ltr'>episcopus</span> <span class='ocrx_word' id='word_1_40' title='bbox 613 927 701 993; x_wconf 90' lang='lat' dir='ltr'>obiit.</span> <span class='ocrx_word' id='word_1_41' title='bbox 786 927 864 993; x_wconf 90' lang='lat' dir='ltr'>Otto</span> <span class='ocrx_word' id='word_1_42' title='bbox 890 951 958 1009; x_wconf 84' lang='lat' dir='ltr'>rex,</span> <span class='ocrx_word' id='word_1_43' title='bbox 992 925 1129 992; x_wconf 85' lang='lat' dir='ltr'>collectis</span> 
     </span>
     <span class='ocr_line' id='line_1_7' title="bbox 24 1010 1129 1099; baseline 0 -23"><span class='ocrx_word' id='word_1_44' title='bbox 24 1013 152 1098; x_wconf 89' lang='lat' dir='ltr'>undique</span> <span class='ocrx_word' id='word_1_45' title='bbox 176 1011 279 1097; x_wconf 90' lang='lat' dir='ltr'>copiis</span> <span class='ocrx_word' id='word_1_46' title='bbox 300 1022 397 1097; x_wconf 89' lang='lat' dir='ltr'>atque</span> <span class='ocrx_word' id='word_1_47' title='bbox 419 1012 516 1076; x_wconf 90' lang='lat' dir='ltr'>totius</span> <span class='ocrx_word' id='word_1_48' title='bbox 540 1012 712 1077; x_wconf 82' lang='lat' dir='ltr'>Germanis</span> <span class='ocrx_word' id='word_1_49' title='bbox 742 1010 843 1077; x_wconf 88' lang='lat' dir='ltr'>electo</span> <span class='ocrx_word' id='word_1_50' title='bbox 872 1012 1008 1099; x_wconf 86' lang='lat' dir='ltr'>stipatus</span> <span class='ocrx_word' id='word_1_51' title='bbox 1029 1010 1129 1076; x_wconf 89' lang='lat' dir='ltr'>milite</span> 
     </span>
     <span class='ocr_line' id='line_1_8' title="bbox 26 1094 1130 1194; baseline 0.001 -34"><span class='ocrx_word' id='word_1_52' title='bbox 26 1097 103 1178; x_wconf 82' lang='lat'>1500,</span> <span class='ocrx_word' id='word_1_53' title='bbox 134 1097 169 1160; x_wconf 92' lang='lat' dir='ltr'>in</span> <span class='ocrx_word' id='word_1_54' title='bbox 198 1116 310 1160; x_wconf 89' lang='lat' dir='ltr'>mense</span> <span class='ocrx_word' id='word_1_55' title='bbox 339 1098 486 1180; x_wconf 88' lang='lat' dir='ltr'>Augusto</span> <span class='ocrx_word' id='word_1_56' title='bbox 519 1095 645 1160; x_wconf 90' lang='lat' dir='ltr'>Italiam</span> <span class='ocrx_word' id='word_1_57' title='bbox 679 1095 907 1194; x_wconf 87' lang='lat' dir='ltr'>proficiscitur;</span> <span class='ocrx_word' id='word_1_58' title='bbox 943 1095 1001 1161; x_wconf 89' lang='lat' dir='ltr'>ubi</span> <span class='ocrx_word' id='word_1_59' title='bbox 1033 1094 1130 1161; x_wconf 88' lang='lat' dir='ltr'>simili</span> 
     </span>
     <span class='ocr_line' id='line_1_9' title="bbox 25 1178 1130 1266; baseline -0.002 -21"><span class='ocrx_word' id='word_1_60' title='bbox 25 1179 107 1246; x_wconf 86' lang='lat' dir='ltr'>nodo</span> <span class='ocrx_word' id='word_1_61' title='bbox 129 1190 328 1266; x_wconf 86' lang='lat' dir='ltr'>congregato</span> <span class='ocrx_word' id='word_1_62' title='bbox 349 1200 414 1243; x_wconf 92' lang='lat' dir='ltr'>non</span> <span class='ocrx_word' id='word_1_63' title='bbox 436 1179 562 1244; x_wconf 86' lang='lat' dir='ltr'>modico</span> <span class='ocrx_word' id='word_1_64' title='bbox 584 1189 738 1262; x_wconf 81' lang='lat' dir='ltr'>exermtn,</span> <span class='ocrx_word' id='word_1_65' title='bbox 768 1201 841 1245; x_wconf 92' lang='lat' dir='ltr'>cum</span> <span class='ocrx_word' id='word_1_66' title='bbox 863 1183 1030 1246; x_wconf 91' lang='lat' dir='ltr'>innumera</span> <span class='ocrx_word' id='word_1_67' title='bbox 1051 1178 1130 1243; x_wconf 90' lang='lat' dir='ltr'>mul-</span> 
     </span>
     <span class='ocr_line' id='line_1_10' title="bbox 25 1262 1131 1363; baseline -0.002 -34"><span class='ocrx_word' id='word_1_68' title='bbox 25 1263 144 1330; x_wconf 87' lang='lat' dir='ltr'>titudine</span> <span class='ocrx_word' id='word_1_69' title='bbox 180 1262 374 1329; x_wconf 84' lang='lat' dir='ltr'>bellatorum</span> <span class='ocrx_word' id='word_1_70' title='bbox 409 1264 545 1328; x_wconf 84' lang='lat' dir='ltr'>Romam</span> <span class='ocrx_word' id='word_1_71' title='bbox 581 1285 684 1350; x_wconf 91' lang='lat' dir='ltr'>usque</span> <span class='ocrx_word' id='word_1_72' title='bbox 724 1264 873 1348; x_wconf 87' lang='lat' dir='ltr'>tetendit;</span> <span class='ocrx_word' id='word_1_73' title='bbox 909 1264 956 1329; x_wconf 94' lang='lat' dir='ltr'>ibi</span> <span class='ocrx_word' id='word_1_74' title='bbox 993 1286 1013 1328; x_wconf 87' lang='lat' dir='ltr'>a</span> <span class='ocrx_word' id='word_1_75' title='bbox 1044 1286 1131 1363; x_wconf 89' lang='lat' dir='ltr'>papa</span> 
     </span>
     <span class='ocr_line' id='line_1_11' title="bbox 24 1346 1131 1434; baseline 0.002 -23"><span class='ocrx_word' id='word_1_76' title='bbox 24 1347 197 1414; x_wconf 88' lang='lat' dir='ltr'>lmocentio</span> <span class='ocrx_word' id='word_1_77' title='bbox 226 1370 301 1412; x_wconf 90' lang='lat' dir='ltr'>curn</span> <span class='ocrx_word' id='word_1_78' title='bbox 325 1349 469 1412; x_wconf 88' lang='lat' dir='ltr'>inmense</span> <span class='ocrx_word' id='word_1_79' title='bbox 492 1346 696 1413; x_wconf 75' lang='lat' dir='ltr'>exrdtationis</span> <span class='ocrx_word' id='word_1_80' title='bbox 718 1347 860 1434; x_wconf 85' lang='lat' dir='ltr'>tripudio</span> <span class='ocrx_word' id='word_1_81' title='bbox 905 1348 1131 1413; x_wconf 75' lang='lat' dir='ltr'>loriosiss1mea</span> 
     </span>
     <span class='ocr_line' id='line_1_12' title="bbox 26 1429 1131 1518; baseline -0.001 -22"><span class='ocrx_word' id='word_1_82' title='bbox 26 1442 197 1518; x_wconf 87' lang='lat' dir='ltr'>susceptus,</span> <span class='ocrx_word' id='word_1_83' title='bbox 231 1433 282 1498; x_wconf 87' lang='lat'>3.¹</span> <span class='ocrx_word' id='word_1_84' title='bbox 304 1429 378 1496; x_wconf 89' lang='lat' dir='ltr'>Kal.</span> <span class='ocrx_word' id='word_1_85' title='bbox 403 1431 555 1498; x_wconf 90' lang='lat' dir='ltr'>Octobris</span> <span class='ocrx_word' id='word_1_86' title='bbox 588 1431 675 1518; x_wconf 90' lang='lat' dir='ltr'>apud</span> <span class='ocrx_word' id='word_1_87' title='bbox 705 1433 861 1498; x_wconf 84' lang='lat' dir='ltr'>Sanctum</span> <span class='ocrx_word' id='word_1_88' title='bbox 921 1442 1023 1497; x_wconf 87' lang='lat' dir='ltr'>etrum</span> <span class='ocrx_word' id='word_1_89' title='bbox 1057 1454 1131 1496; x_wconf 90' lang='lat' dir='ltr'>cum</span> 
     </span>
     <span class='ocr_line' id='line_1_13' title="bbox 25 1516 1130 1602; baseline -0.001 -21"><span class='ocrx_word' id='word_1_90' title='bbox 25 1516 199 1582; x_wconf 80' lang='lat' dir='ltr'>diadematis</span> <span class='ocrx_word' id='word_1_91' title='bbox 222 1517 416 1602; x_wconf 90' lang='lat' dir='ltr'>inpositione</span> <span class='ocrx_word' id='word_1_92' title='bbox 438 1537 563 1583; x_wconf 89' lang='lat' dir='ltr'>necnon</span> <span class='ocrx_word' id='word_1_93' title='bbox 591 1527 623 1581; x_wconf 92' lang='lat' dir='ltr'>et</span> <span class='ocrx_word' id='word_1_94' title='bbox 651 1516 780 1602; x_wconf 86' lang='lat' dir='ltr'>augusti</span> <span class='ocrx_word' id='word_1_95' title='bbox 808 1519 947 1581; x_wconf 90' lang='lat' dir='ltr'>nominis</span> <span class='ocrx_word' id='word_1_96' title='bbox 975 1516 1130 1602; x_wconf 83' lang='lat' dir='ltr'>dignitate</span> 
     </span>
     <span class='ocr_line' id='line_1_14' title="bbox 27 1599 1130 1690; baseline 0 -26"><span class='ocrx_word' id='word_1_97' title='bbox 27 1601 92 1690; x_wconf 72' lang='lat' dir='ltr'>[inl]</span> <span class='ocrx_word' id='word_1_98' title='bbox 114 1601 342 1687; x_wconf 89' lang='lat' dir='ltr'>imperatorem</span> <span class='ocrx_word' id='word_1_99' title='bbox 369 1599 504 1665; x_wconf 84' lang='lat' dir='ltr'>feliciter</span> <span class='ocrx_word' id='word_1_100' title='bbox 532 1609 580 1665; x_wconf 87' lang='lat' dir='ltr'>est</span> <span class='ocrx_word' id='word_1_101' title='bbox 607 1613 821 1684; x_wconf 87' lang='lat' dir='ltr'>consecratus,</span> <span class='ocrx_word' id='word_1_102' title='bbox 848 1623 933 1665; x_wconf 92' lang='lat' dir='ltr'>anno</span> <span class='ocrx_word' id='word_1_103' title='bbox 962 1602 1053 1685; x_wconf 89' lang='lat' dir='ltr'>regni</span> <span class='ocrx_word' id='word_1_104' title='bbox 1080 1601 1130 1664; x_wconf 89' lang='lat' dir='ltr'>sui</span> 
     </span>
     <span class='ocr_line' id='line_1_15' title="bbox 25 1684 1130 1784; baseline -0.001 -35"><span class='ocrx_word' id='word_1_105' title='bbox 25 1686 103 1749; x_wconf 83' lang='lat' dir='ltr'>tertio</span> <span class='ocrx_word' id='word_1_106' title='bbox 124 1685 262 1750; x_wconf 87' lang='lat' dir='ltr'>decimo.</span> <span class='ocrx_word' id='word_1_107' title='bbox 299 1684 414 1749; x_wconf 87' lang='lat' dir='ltr'>Werra</span> <span class='ocrx_word' id='word_1_108' title='bbox 428 1686 511 1749; x_wconf 86' lang='lat' dir='ltr'>inter</span> <span class='ocrx_word' id='word_1_109' title='bbox 524 1684 689 1748; x_wconf 90' lang='lat' dir='ltr'>dominum</span> <span class='ocrx_word' id='word_1_110' title='bbox 711 1707 829 1771; x_wconf 89' lang='lat' dir='ltr'>papam</span> <span class='ocrx_word' id='word_1_111' title='bbox 852 1697 884 1750; x_wconf 89' lang='lat' dir='ltr'>et</span> <span class='ocrx_word' id='word_1_112' title='bbox 903 1687 1130 1784; x_wconf 86' lang='lat' dir='ltr'>imperatorem</span> 
     </span>
     <span class='ocr_line' id='line_1_16' title="bbox 26 1766 1129 1855; baseline 0.001 -23"><span class='ocrx_word' id='word_1_113' title='bbox 26 1770 110 1834; x_wconf 86' lang='lat' dir='ltr'>oritur</span> <span class='ocrx_word' id='word_1_114' title='bbox 129 1791 187 1855; x_wconf 92' lang='lat' dir='ltr'>pro</span> <span class='ocrx_word' id='word_1_115' title='bbox 211 1766 408 1855; x_wconf 88' lang='lat' dir='ltr'>quibusdam</span> <span class='ocrx_word' id='word_1_116' title='bbox 461 1767 557 1833; x_wconf 88' lang='lat' dir='ltr'>rediis</span> <span class='ocrx_word' id='word_1_117' title='bbox 584 1770 661 1833; x_wconf 86' lang='lat' dir='ltr'>satis</span> <span class='ocrx_word' id='word_1_118' title='bbox 689 1770 815 1854; x_wconf 88' lang='lat' dir='ltr'>magnis</span> <span class='ocrx_word' id='word_1_119' title='bbox 845 1781 876 1835; x_wconf 90' lang='lat' dir='ltr'>et</span> <span class='ocrx_word' id='word_1_120' title='bbox 904 1769 976 1833; x_wconf 87' lang='lat' dir='ltr'>latrs</span> <span class='ocrx_word' id='word_1_121' title='bbox 999 1790 1036 1832; x_wconf 88' lang='lat' dir='ltr'>ac</span> <span class='ocrx_word' id='word_1_122' title='bbox 1058 1790 1129 1854; x_wconf 88' lang='lat' dir='ltr'>pre-</span> 
     </span>
     <span class='ocr_line' id='line_1_17' title="bbox 27 1790 1129 1950; baseline 0.001 -34"><span class='ocrx_word' id='word_1_123' title='bbox 27 1854 106 1950; x_wconf 77' lang='lat' dir='ltr'>cipue</span> <span class='ocrx_word' id='word_1_124' title='bbox 126 1875 183 1939; x_wconf 91' lang='lat' dir='ltr'>pro</span> <span class='ocrx_word' id='word_1_125' title='bbox 203 1863 293 1918; x_wconf 67' lang='lat' dir='ltr'>&#39;terra</span> <span class='ocrx_word' id='word_1_126' title='bbox 314 1790 485 1936; x_wconf 78' lang='lat' dir='ltr'>Methildis,</span> <span class='ocrx_word' id='word_1_127' title='bbox 509 1875 571 1940; x_wconf 91' lang='lat' dir='ltr'>que</span> <span class='ocrx_word' id='word_1_128' title='bbox 593 1853 700 1917; x_wconf 88' lang='lat' dir='ltr'>omnia</span> <span class='ocrx_word' id='word_1_129' title='bbox 720 1874 806 1939; x_wconf 91' lang='lat' dir='ltr'>papa</span> <span class='ocrx_word' id='word_1_130' title='bbox 827 1852 960 1918; x_wconf 84' lang='lat' dir='ltr'>ecclesie</span> <span class='ocrx_word' id='word_1_131' title='bbox 974 1854 1129 1933; x_wconf 84' lang='lat' dir='ltr'>Romane,</span> 
     </span>
    </p>
   </div>
   <div class='ocr_carea' id='block_1_3' title="bbox 12 1935 1130 2590">
    <p class='ocr_par' dir='ltr' id='par_1_3' title="bbox 28 1935 1129 2193">
     <span class='ocr_line' id='line_1_18' title="bbox 28 1935 1129 2024; baseline 0.001 -25"><span class='ocrx_word' id='word_1_132' title='bbox 28 1948 182 2022; x_wconf 79' lang='lat' dir='ltr'>inperator</span> <span class='ocrx_word' id='word_1_133' title='bbox 202 1959 283 2002; x_wconf 88' lang='lat' dir='ltr'>vero</span> <span class='ocrx_word' id='word_1_134' title='bbox 305 1959 404 2023; x_wconf 88' lang='lat' dir='ltr'>regno</span> <span class='ocrx_word' id='word_1_135' title='bbox 431 1957 470 2002; x_wconf 88' lang='lat' dir='ltr'>ea</span> <span class='ocrx_word' id='word_1_136' title='bbox 495 1937 630 2003; x_wconf 88' lang='lat' dir='ltr'>attinere</span> <span class='ocrx_word' id='word_1_137' title='bbox 658 1935 910 2020; x_wconf 71' lang='lat' dir='ltr'>contestabatur,</span> <span class='ocrx_word' id='word_1_138' title='bbox 942 1946 1040 2024; x_wconf 92' lang='lat' dir='ltr'>atque</span> <span class='ocrx_word' id='word_1_139' title='bbox 1069 1935 1129 2000; x_wconf 93' lang='lat' dir='ltr'>hac</span> 
     </span>
     <span class='ocr_line' id='line_1_19' title="bbox 29 2018 1128 2107; baseline 0 -25"><span class='ocrx_word' id='word_1_140' title='bbox 29 2018 216 2086; x_wconf 88' lang='lat' dir='ltr'>altercatione</span> <span class='ocrx_word' id='word_1_141' title='bbox 239 2019 348 2107; x_wconf 88' lang='lat' dir='ltr'>aliquo</span> <span class='ocrx_word' id='word_1_142' title='bbox 371 2033 515 2107; x_wconf 89' lang='lat' dir='ltr'>tempore</span> <span class='ocrx_word' id='word_1_143' title='bbox 538 2020 776 2102; x_wconf 89' lang='lat' dir='ltr'>contendentes,</span> <span class='ocrx_word' id='word_1_144' title='bbox 806 2043 880 2085; x_wconf 89' lang='lat' dir='ltr'>cum</span> <span class='ocrx_word' id='word_1_145' title='bbox 904 2031 1016 2087; x_wconf 86' lang='lat' dir='ltr'>neuter</span> <span class='ocrx_word' id='word_1_146' title='bbox 1038 2019 1128 2086; x_wconf 89' lang='lat' dir='ltr'>alteri</span> 
     </span>
     <span class='ocr_line' id='line_1_20' title="bbox 29 2105 848 2193; baseline 0.006 -26"><span class='ocrx_word' id='word_1_147' title='bbox 29 2105 146 2189; x_wconf 87' lang='lat' dir='ltr'>rederet,</span> <span class='ocrx_word' id='word_1_148' title='bbox 168 2127 258 2193; x_wconf 87' lang='lat' dir='ltr'>papa</span> <span class='ocrx_word' id='word_1_149' title='bbox 278 2107 502 2191; x_wconf 88' lang='lat' dir='ltr'>imperatorem</span> <span class='ocrx_word' id='word_1_150' title='bbox 524 2107 815 2170; x_wconf 88' lang='lat' dir='ltr'>excommunicavit</span> <span class='ocrx_word' id='word_1_151' title='bbox 825 2117 848 2172; x_wconf 82' lang='lat'>².</span> 
     </span>
    </p>

    <p class='ocr_par' dir='ltr' id='par_1_4' title="bbox 12 2187 1130 2590">
     <span class='ocr_line' id='line_1_21' title="bbox 97 2187 1128 2290; baseline -0.002 -36"><span class='ocrx_word' id='word_1_152' title='bbox 97 2189 220 2255; x_wconf 88' lang='lat' dir='ltr'>Eodem</span> <span class='ocrx_word' id='word_1_153' title='bbox 250 2199 415 2275; x_wconf 85' lang='lat' dir='ltr'>tempore³</span> <span class='ocrx_word' id='word_1_154' title='bbox 447 2189 534 2290; x_wconf 89' lang='lat' dir='ltr'>apud</span> <span class='ocrx_word' id='word_1_155' title='bbox 566 2189 785 2275; x_wconf 78' lang='lat' dir='ltr'>Hispaniam0,</span> <span class='ocrx_word' id='word_1_156' title='bbox 819 2212 881 2275; x_wconf 90' lang='lat' dir='ltr'>que</span> <span class='ocrx_word' id='word_1_157' title='bbox 907 2199 992 2254; x_wconf 87' lang='lat' dir='ltr'>terra</span> <span class='ocrx_word' id='word_1_158' title='bbox 1020 2187 1128 2254; x_wconf 87' lang='lat' dir='ltr'>Sancti</span> 
     </span>
     <span class='ocr_line' id='line_1_22' title="bbox 29 2269 1130 2360; baseline 0.001 -25"><span class='ocrx_word' id='word_1_159' title='bbox 29 2269 139 2337; x_wconf 86' lang='lat' dir='ltr'>llidii⁴</span> <span class='ocrx_word' id='word_1_160' title='bbox 158 2284 373 2358; x_wconf 89' lang='lat' dir='ltr'>nuncupatur,</span> <span class='ocrx_word' id='word_1_161' title='bbox 393 2275 427 2337; x_wconf 93' lang='lat' dir='ltr'>in</span> <span class='ocrx_word' id='word_1_162' title='bbox 448 2275 575 2339; x_wconf 85' lang='lat' dir='ltr'>crvitate</span> <span class='ocrx_word' id='word_1_163' title='bbox 593 2271 710 2338; x_wconf 83' lang='lat' dir='ltr'>Toldsa</span> <span class='ocrx_word' id='word_1_164' title='bbox 727 2274 847 2339; x_wconf 87' lang='lat' dir='ltr'>heresis</span> <span class='ocrx_word' id='word_1_165' title='bbox 867 2272 1015 2360; x_wconf 88' lang='lat' dir='ltr'>quedam,</span> <span class='ocrx_word' id='word_1_166' title='bbox 1037 2273 1130 2336; x_wconf 86' lang='lat' dir='ltr'>cuius</span> 
     </span>
     <span class='ocr_line' id='line_1_23' title="bbox 30 2295 1130 2444; baseline 0.002 -25.968"><span class='ocrx_word' id='word_1_167' title='bbox 30 2295 146 2424; x_wconf 77' lang='lat' dir='ltr'>caltores</span> <span class='ocrx_word' id='word_1_168' title='bbox 167 2359 309 2444; x_wconf 90' lang='lat' dir='ltr'>Beggini</span> <span class='ocrx_word' id='word_1_169' title='bbox 329 2356 625 2440; x_wconf 89' lang='lat' dir='ltr'>denominabantur,</span> <span class='ocrx_word' id='word_1_170' title='bbox 648 2380 825 2444; x_wconf 85' lang='lat' dir='ltr'>emergens,</span> <span class='ocrx_word' id='word_1_171' title='bbox 854 2379 960 2422; x_wconf 90' lang='lat' dir='ltr'>ramos</span> <span class='ocrx_word' id='word_1_172' title='bbox 982 2379 1038 2422; x_wconf 90' lang='lat' dir='ltr'>sue</span> <span class='ocrx_word' id='word_1_173' title='bbox 1060 2379 1130 2443; x_wconf 92' lang='lat' dir='ltr'>per-</span> 
     </span>
     <span class='ocr_line' id='line_1_24' title="bbox 12 2440 1130 2590; baseline 0.003 -88"><span class='ocrx_word' id='word_1_174' title='bbox 12 2449 14 2538; x_wconf 60' lang='lat'>,</span> <span class='ocrx_word' id='word_1_175' title='bbox 30 2444 168 2539; x_wconf 76' lang='lat' dir='ltr'>versitatis</span> <span class='ocrx_word' id='word_1_176' title='bbox 182 2445 217 2507; x_wconf 93' lang='lat' dir='ltr'>in</span> <span class='ocrx_word' id='word_1_177' title='bbox 231 2443 323 2507; x_wconf 90' lang='lat' dir='ltr'>brevi</span> <span class='ocrx_word' id='word_1_178' title='bbox 337 2440 430 2590; x_wconf 82' lang='lat' dir='ltr'>longe</span> <span class='ocrx_word' id='word_1_179' title='bbox 444 2441 570 2529; x_wconf 90' lang='lat' dir='ltr'>lateque</span> <span class='ocrx_word' id='word_1_180' title='bbox 584 2442 719 2506; x_wconf 91' lang='lat' dir='ltr'>nimium</span> <span class='ocrx_word' id='word_1_181' title='bbox 733 2442 943 2541; x_wconf 88' lang='lat' dir='ltr'>propagando</span> <span class='ocrx_word' id='word_1_182' title='bbox 959 2443 992 2504; x_wconf 92' lang='lat' dir='ltr'>in</span> <span class='ocrx_word' id='word_1_183' title='bbox 1006 2451 1130 2507; x_wconf 88' lang='lat' dir='ltr'>tantum</span> 
     </span>
    </p>
   </div>
   <div class='ocr_carea' id='block_1_4' title="bbox 13 2523 1130 3789">
    <p class='ocr_par' dir='ltr' id='par_1_5' title="bbox 13 2523 1130 3090">
     <span class='ocr_line' id='line_1_25' title="bbox 13 2523 1130 2613; baseline -0.003 -21"><span class='ocrx_word' id='word_1_184' title='bbox 13 2541 15 2592; x_wconf 79' lang='lat' dir='ltr'>l</span> <span class='ocrx_word' id='word_1_185' title='bbox 31 2523 215 2609; x_wconf 82' lang='lat' dir='ltr'>dlstenderat,</span> <span class='ocrx_word' id='word_1_186' title='bbox 229 2537 267 2592; x_wconf 91' lang='lat' dir='ltr'>ut</span> <span class='ocrx_word' id='word_1_187' title='bbox 276 2549 341 2591; x_wconf 91' lang='lat' dir='ltr'>non</span> <span class='ocrx_word' id='word_1_188' title='bbox 356 2548 391 2591; x_wconf 87' lang='lat' dir='ltr'>so</span> <span class='ocrx_word' id='word_1_189' title='bbox 405 2549 459 2591; x_wconf 90' lang='lat' dir='ltr'>um</span> <span class='ocrx_word' id='word_1_190' title='bbox 472 2525 606 2591; x_wconf 88' lang='lat' dir='ltr'>humiles</span> <span class='ocrx_word' id='word_1_191' title='bbox 620 2536 718 2613; x_wconf 88' lang='lat' dir='ltr'>atquo</span> <span class='ocrx_word' id='word_1_192' title='bbox 732 2525 888 2606; x_wconf 80' lang='lat' dir='ltr'>meliores,</span> <span class='ocrx_word' id='word_1_193' title='bbox 904 2548 1019 2592; x_wconf 86' lang='lat' dir='ltr'>verum</span> <span class='ocrx_word' id='word_1_194' title='bbox 1034 2527 1130 2590; x_wconf 91' lang='lat' dir='ltr'>etiam</span> 
     </span>
     <span class='ocr_line' id='line_1_26' title="bbox 13 2610 1130 2697; baseline 0 -25"><span class='ocrx_word' id='word_1_195' title='bbox 13 2610 167 2693; x_wconf 71' lang='lat' dir='ltr'>{primores</span> <span class='ocrx_word' id='word_1_196' title='bbox 194 2621 227 2676; x_wconf 90' lang='lat' dir='ltr'>et</span> <span class='ocrx_word' id='word_1_197' title='bbox 250 2612 413 2697; x_wconf 90' lang='lat' dir='ltr'>principes</span> <span class='ocrx_word' id='word_1_198' title='bbox 438 2611 536 2676; x_wconf 89' lang='lat' dir='ltr'>totius</span> <span class='ocrx_word' id='word_1_199' title='bbox 558 2611 716 2696; x_wconf 90' lang='lat' dir='ltr'>Hispanie</span> <span class='ocrx_word' id='word_1_200' title='bbox 746 2631 819 2675; x_wconf 89' lang='lat' dir='ltr'>cum</span> <span class='ocrx_word' id='word_1_201' title='bbox 845 2611 980 2675; x_wconf 89' lang='lat' dir='ltr'>aliarum</span> <span class='ocrx_word' id='word_1_202' title='bbox 1002 2612 1130 2695; x_wconf 86' lang='lat' dir='ltr'>provin-</span> 
     </span>
     <span class='ocr_line' id='line_1_27' title="bbox 13 2693 1129 2782; baseline 0.003 -28"><span class='ocrx_word' id='word_1_203' title='bbox 13 2694 133 2758; x_wconf 71' lang='lat' dir='ltr'>3ciarum</span> <span class='ocrx_word' id='word_1_204' title='bbox 147 2697 326 2782; x_wconf 87' lang='lat' dir='ltr'>capitaneis</span> <span class='ocrx_word' id='word_1_205' title='bbox 347 2716 472 2759; x_wconf 89' lang='lat' dir='ltr'>necnon</span> <span class='ocrx_word' id='word_1_206' title='bbox 493 2693 718 2760; x_wconf 90' lang='lat' dir='ltr'>innumerabili</span> <span class='ocrx_word' id='word_1_207' title='bbox 740 2694 945 2760; x_wconf 89' lang='lat' dir='ltr'>multitudine</span> <span class='ocrx_word' id='word_1_208' title='bbox 961 2695 1129 2780; x_wconf 87' lang='lat' dir='ltr'>utriusque</span> 
     </span>
     <span class='ocr_line' id='line_1_28' title="bbox 13 2778 1128 2865; baseline 0.004 -27"><span class='ocrx_word' id='word_1_209' title='bbox 13 2795 14 2812; x_wconf 62' lang='lat'>¹</span> <span class='ocrx_word' id='word_1_210' title='bbox 32 2797 110 2843; x_wconf 85' lang='lat' dir='ltr'>sexus</span> <span class='ocrx_word' id='word_1_211' title='bbox 130 2779 224 2844; x_wconf 89' lang='lat' dir='ltr'>huius</span> <span class='ocrx_word' id='word_1_212' title='bbox 239 2780 383 2865; x_wconf 88' lang='lat' dir='ltr'>perversi</span> <span class='ocrx_word' id='word_1_213' title='bbox 398 2779 556 2865; x_wconf 85' lang='lat' dir='ltr'>dogmatis</span> <span class='ocrx_word' id='word_1_214' title='bbox 571 2799 659 2845; x_wconf 88' lang='lat' dir='ltr'>error</span> <span class='ocrx_word' id='word_1_215' title='bbox 673 2780 860 2844; x_wconf 89' lang='lat' dir='ltr'>involveret.</span> <span class='ocrx_word' id='word_1_216' title='bbox 904 2778 969 2844; x_wconf 87' lang='lat' dir='ltr'>Sed</span> <span class='ocrx_word' id='word_1_217' title='bbox 983 2800 1024 2842; x_wconf 89' lang='lat' dir='ltr'>ne</span> <span class='ocrx_word' id='word_1_218' title='bbox 1038 2779 1128 2843; x_wconf 89' lang='lat' dir='ltr'>virus</span> 
     </span>
     <span class='ocr_line' id='line_1_29' title="bbox 14 2861 1130 2940; baseline 0.003 -18"><span class='ocrx_word' id='word_1_219' title='bbox 14 2868 84 2940; x_wconf 76' lang='lat' dir='ltr'>¹tam</span> <span class='ocrx_word' id='word_1_220' title='bbox 103 2863 283 2930; x_wconf 84' lang='lat' dir='ltr'>execrabile</span> <span class='ocrx_word' id='word_1_221' title='bbox 304 2862 398 2928; x_wconf 87' lang='lat' dir='ltr'>latius</span> <span class='ocrx_word' id='word_1_222' title='bbox 427 2864 461 2927; x_wconf 93' lang='lat' dir='ltr'>in</span> <span class='ocrx_word' id='word_1_223' title='bbox 489 2885 616 2928; x_wconf 88' lang='lat' dir='ltr'>omnem</span> <span class='ocrx_word' id='word_1_224' title='bbox 645 2863 806 2928; x_wconf 89' lang='lat' dir='ltr'>bominem</span> <span class='ocrx_word' id='word_1_225' title='bbox 834 2861 1024 2928; x_wconf 88' lang='lat' dir='ltr'>catholicum</span> <span class='ocrx_word' id='word_1_226' title='bbox 1055 2864 1130 2926; x_wconf 90' lang='lat' dir='ltr'>irre-</span> 
     </span>
     <span class='ocr_line' id='line_1_30' title="bbox 33 2945 1130 3090; baseline -0.001 -81"><span class='ocrx_word' id='word_1_227' title='bbox 33 2957 156 3090; x_wconf 80' lang='lat' dir='ltr'>peretot</span> <span class='ocrx_word' id='word_1_228' title='bbox 177 2947 314 3013; x_wconf 87' lang='lat' dir='ltr'>ecclesia</span> <span class='ocrx_word' id='word_1_229' title='bbox 343 2947 568 3013; x_wconf 87' lang='lat' dir='ltr'>detrimentum</span> <span class='ocrx_word' id='word_1_230' title='bbox 596 2949 630 3010; x_wconf 90' lang='lat' dir='ltr'>in</span> <span class='ocrx_word' id='word_1_231' title='bbox 657 2969 787 3011; x_wconf 88' lang='lat' dir='ltr'>suorum</span> <span class='ocrx_word' id='word_1_232' title='bbox 816 2945 1010 3011; x_wconf 88' lang='lat' dir='ltr'>desolatione</span> <span class='ocrx_word' id='word_1_233' title='bbox 1033 2967 1130 3009; x_wconf 89' lang='lat' dir='ltr'>mem-</span> 
     </span>
    </p>

    <p class='ocr_par' dir='ltr' id='par_1_6' title="bbox 15 3030 1130 3789">
     <span class='ocr_line' id='line_1_31' title="bbox 50 3030 1130 3118; baseline 0.003 -27"><span class='ocrx_word' id='word_1_234' title='bbox 50 3050 142 3095; x_wconf 89' lang='lat' dir='ltr'>romm</span> <span class='ocrx_word' id='word_1_235' title='bbox 171 3033 357 3115; x_wconf 86' lang='lat' dir='ltr'>sustineret,</span> <span class='ocrx_word' id='word_1_236' title='bbox 389 3030 481 3097; x_wconf 89' lang='lat' dir='ltr'>multi</span> <span class='ocrx_word' id='word_1_237' title='bbox 513 3054 555 3096; x_wconf 89' lang='lat' dir='ltr'>ex</span> <span class='ocrx_word' id='word_1_238' title='bbox 585 3053 685 3118; x_wconf 87' lang='lat' dir='ltr'>regno</span> <span class='ocrx_word' id='word_1_239' title='bbox 711 3030 1004 3096; x_wconf 83' lang='lat' dir='ltr'>Theutbonicorum</span> <span class='ocrx_word' id='word_1_240' title='bbox 1034 3040 1130 3114; x_wconf 89' lang='lat' dir='ltr'>atque</span> 
     </span>
     <span class='ocr_line' id='line_1_32' title="bbox 34 3109 1129 3213; baseline 0.003 -39"><span class='ocrx_word' id='word_1_241' title='bbox 34 3109 208 3180; x_wconf 79' lang='lat' dir='ltr'>Francorum</span> <span class='ocrx_word' id='word_1_242' title='bbox 248 3114 382 3202; x_wconf 88' lang='lat' dir='ltr'>aliisque</span> <span class='ocrx_word' id='word_1_243' title='bbox 424 3115 606 3180; x_wconf 88' lang='lat' dir='ltr'>nationibus</span> <span class='ocrx_word' id='word_1_244' title='bbox 646 3115 715 3182; x_wconf 87' lang='lat' dir='ltr'>zelo</span> <span class='ocrx_word' id='word_1_245' title='bbox 753 3116 878 3180; x_wconf 87' lang='lat' dir='ltr'>iusticie</span> <span class='ocrx_word' id='word_1_246' title='bbox 915 3115 1042 3179; x_wconf 87' lang='lat' dir='ltr'>accensi</span> <span class='ocrx_word' id='word_1_247' title='bbox 1068 3134 1129 3213; x_wconf 87' lang='lat' dir='ltr'>pro</span> 
     </span>
     <span class='ocr_line' id='line_1_33' title="bbox 15 3197 1130 3297; baseline 0.004 -40"><span class='ocrx_word' id='word_1_248' title='bbox 15 3197 140 3263; x_wconf 48' lang='lat' dir='ltr'>{nomine</span> <span class='ocrx_word' id='word_1_249' title='bbox 155 3199 322 3282; x_wconf 80' lang='lat' dir='ltr'>Crucifixi,</span> <span class='ocrx_word' id='word_1_250' title='bbox 344 3201 543 3266; x_wconf 88' lang='lat' dir='ltr'>vestimentis</span> <span class='ocrx_word' id='word_1_251' title='bbox 566 3200 716 3265; x_wconf 88' lang='lat' dir='ltr'>crucibus</span> <span class='ocrx_word' id='word_1_252' title='bbox 738 3199 854 3281; x_wconf 88' lang='lat' dir='ltr'>affixis,</span> <span class='ocrx_word' id='word_1_253' title='bbox 875 3220 933 3297; x_wconf 90' lang='lat' dir='ltr'>pro</span> <span class='ocrx_word' id='word_1_254' title='bbox 955 3199 1019 3261; x_wconf 91' lang='lat' dir='ltr'>iam</span> <span class='ocrx_word' id='word_1_255' title='bbox 1044 3198 1130 3262; x_wconf 79' lang='lat' dir='ltr'>dicta</span> 
     </span>
     <span class='ocr_line' id='line_1_34' title="bbox 15 3277 1129 3370; baseline 0.001 -28"><span class='ocrx_word' id='word_1_256' title='bbox 15 3319 16 3322; x_wconf 60' lang='lat'><em>=</em></span> <span class='ocrx_word' id='word_1_257' title='bbox 33 3277 119 3346; x_wconf 90' lang='lat' dir='ltr'>heresi</span> <span class='ocrx_word' id='word_1_258' title='bbox 139 3283 331 3350; x_wconf 87' lang='lat' dir='ltr'>destruenda</span> <span class='ocrx_word' id='word_1_259' title='bbox 352 3285 386 3348; x_wconf 92' lang='lat' dir='ltr'>in</span> <span class='ocrx_word' id='word_1_260' title='bbox 407 3294 514 3370; x_wconf 86' lang='lat' dir='ltr'>partes</span> <span class='ocrx_word' id='word_1_261' title='bbox 537 3284 689 3348; x_wconf 90' lang='lat' dir='ltr'>occiduas</span> <span class='ocrx_word' id='word_1_262' title='bbox 711 3284 767 3365; x_wconf 92' lang='lat' dir='ltr'>ire,</span> <span class='ocrx_word' id='word_1_263' title='bbox 791 3282 983 3347; x_wconf 89' lang='lat' dir='ltr'>unammiter</span> <span class='ocrx_word' id='word_1_264' title='bbox 1004 3304 1043 3346; x_wconf 85' lang='lat' dir='ltr'>se</span> <span class='ocrx_word' id='word_1_265' title='bbox 1060 3302 1129 3367; x_wconf 93' lang='lat' dir='ltr'>pre-</span> 
     </span>
     <span class='ocr_line' id='line_1_35' title="bbox 15 3327 1129 3482; baseline 0 -56"><span class='ocrx_word' id='word_1_266' title='bbox 15 3327 215 3482; x_wconf 52' lang='lat' dir='ltr'>*paraverunt</span> <span class='ocrx_word' id='word_1_267' title='bbox 261 3367 371 3434; x_wconf 87' lang='lat' dir='ltr'>Abbas</span> <span class='ocrx_word' id='word_1_268' title='bbox 400 3391 527 3455; x_wconf 93' lang='lat' dir='ltr'>quoque</span> <span class='ocrx_word' id='word_1_269' title='bbox 556 3367 807 3448; x_wconf 78' lang='lat' dir='ltr'>Cisterciensis⁵,</span> <span class='ocrx_word' id='word_1_270' title='bbox 839 3367 890 3431; x_wconf 85' lang='lat' dir='ltr'>vir</span> <span class='ocrx_word' id='word_1_271' title='bbox 917 3366 996 3430; x_wconf 90' lang='lat' dir='ltr'>mire</span> <span class='ocrx_word' id='word_1_272' title='bbox 1022 3363 1129 3450; x_wconf 87' lang='lat' dir='ltr'>probi·</span> 
     </span>
     <span class='ocr_line' id='line_1_36' title="bbox 15 3450 1129 3535; baseline 0.001 -25"><span class='ocrx_word' id='word_1_273' title='bbox 15 3450 92 3512; x_wconf 75' lang='lat' dir='ltr'>tatis</span> <span class='ocrx_word' id='word_1_274' title='bbox 117 3463 147 3516; x_wconf 88' lang='lat' dir='ltr'>et</span> <span class='ocrx_word' id='word_1_275' title='bbox 166 3453 333 3535; x_wconf 88' lang='lat' dir='ltr'>industrie,</span> <span class='ocrx_word' id='word_1_276' title='bbox 367 3454 406 3519; x_wconf 90' lang='lat' dir='ltr'>de</span> <span class='ocrx_word' id='word_1_277' title='bbox 436 3451 567 3517; x_wconf 88' lang='lat' dir='ltr'>consilio</span> <span class='ocrx_word' id='word_1_278' title='bbox 595 3463 627 3516; x_wconf 93' lang='lat' dir='ltr'>et</span> <span class='ocrx_word' id='word_1_279' title='bbox 653 3451 803 3517; x_wconf 89' lang='lat' dir='ltr'>mandato</span> <span class='ocrx_word' id='word_1_280' title='bbox 832 3451 953 3515; x_wconf 92' lang='lat' dir='ltr'>domini</span> <span class='ocrx_word' id='word_1_281' title='bbox 978 3471 1062 3535; x_wconf 90' lang='lat' dir='ltr'>pape</span> <span class='ocrx_word' id='word_1_282' title='bbox 1090 3470 1129 3512; x_wconf 89' lang='lat' dir='ltr'>ao</span> 
     </span>
     <span class='ocr_line' id='line_1_37' title="bbox 37 3533 1129 3619; baseline 0.003 -26"><span class='ocrx_word' id='word_1_283' title='bbox 37 3550 172 3601; x_wconf 86' lang='lat' dir='ltr'>consensu</span> <span class='ocrx_word' id='word_1_284' title='bbox 203 3538 301 3602; x_wconf 90' lang='lat' dir='ltr'>totius</span> <span class='ocrx_word' id='word_1_285' title='bbox 335 3536 454 3601; x_wconf 87' lang='lat' dir='ltr'>ordinis</span> <span class='ocrx_word' id='word_1_286' title='bbox 487 3538 537 3600; x_wconf 90' lang='lat' dir='ltr'>sui</span> <span class='ocrx_word' id='word_1_287' title='bbox 569 3558 641 3600; x_wconf 89' lang='lat' dir='ltr'>cum</span> <span class='ocrx_word' id='word_1_288' title='bbox 673 3533 834 3600; x_wconf 88' lang='lat' dir='ltr'>nonnullis</span> <span class='ocrx_word' id='word_1_289' title='bbox 864 3557 994 3599; x_wconf 91' lang='lat' dir='ltr'>suorum</span> <span class='ocrx_word' id='word_1_290' title='bbox 1027 3554 1129 3619; x_wconf 90' lang='lat' dir='ltr'>prono</span> 
     </span>
     <span class='ocr_line' id='line_1_38' title="bbox 37 3616 1129 3711; baseline -0.001 -30"><span class='ocrx_word' id='word_1_291' title='bbox 37 3616 123 3711; x_wconf 66' lang='lat' dir='ltr'>tnimo</span> <span class='ocrx_word' id='word_1_292' title='bbox 143 3643 211 3686; x_wconf 88' lang='lat' dir='ltr'>sese</span> <span class='ocrx_word' id='word_1_293' title='bbox 235 3619 461 3686; x_wconf 87' lang='lat' dir='ltr'>comitantibus</span> <span class='ocrx_word' id='word_1_294' title='bbox 484 3618 560 3684; x_wconf 92' lang='lat' dir='ltr'>illuc</span> <span class='ocrx_word' id='word_1_295' title='bbox 582 3643 617 3684; x_wconf 90' lang='lat' dir='ltr'>se</span> <span class='ocrx_word' id='word_1_296' title='bbox 638 3619 841 3700; x_wconf 87' lang='lat' dir='ltr'>transferens,</span> <span class='ocrx_word' id='word_1_297' title='bbox 869 3617 969 3683; x_wconf 84' lang='lat' dir='ltr'>multa</span> <span class='ocrx_word' id='word_1_298' title='bbox 989 3618 1035 3682; x_wconf 93' lang='lat' dir='ltr'>ibi</span> <span class='ocrx_word' id='word_1_299' title='bbox 1057 3618 1129 3682; x_wconf 84' lang='lat' dir='ltr'>viri-</span> 
     </span>
     <span class='ocr_line' id='line_1_39' title="bbox 37 3693 335 3789; baseline 0.02 -25"><span class='ocrx_word' id='word_1_300' title='bbox 37 3693 91 3764; x_wconf 77' lang='lat' dir='ltr'>her</span> <span class='ocrx_word' id='word_1_301' title='bbox 110 3714 256 3789; x_wconf 90' lang='lat' dir='ltr'>operatus</span> <span class='ocrx_word' id='word_1_302' title='bbox 278 3715 335 3770; x_wconf 88' lang='lat' dir='ltr'>est.</span> 
     </span>
    </p>
   </div>
   <div class='ocr_carea' id='block_1_5' title="bbox 17 3912 726 3976">
    <p class='ocr_par' dir='ltr' id='par_1_7' title="bbox 17 3912 726 3976">
     <span class='ocr_line' id='line_1_40' title="bbox 17 3912 726 3976; baseline -0.01 -9"><span class='ocrx_word' id='word_1_303' title='bbox 17 3912 137 3966; x_wconf 72' lang='lat' dir='ltr'>·⁸)earr.</span> <span class='ocrx_word' id='word_1_304' title='bbox 152 3924 198 3966; x_wconf 71' lang='lat' dir='ltr'>At.</span> <span class='ocrx_word' id='word_1_305' title='bbox 258 3923 283 3976; x_wconf 87' lang='lat' dir='ltr'>b)</span> <span class='ocrx_word' id='word_1_306' title='bbox 299 3925 355 3964; x_wconf 76' lang='lat' dir='ltr'>deest</span> <span class='ocrx_word' id='word_1_307' title='bbox 370 3923 417 3964; x_wconf 76' lang='lat' dir='ltr'>Aa.</span> <span class='ocrx_word' id='word_1_308' title='bbox 479 3921 500 3974; x_wconf 89' lang='lat' dir='ltr'>c)</span> <span class='ocrx_word' id='word_1_309' title='bbox 516 3922 663 3972; x_wconf 79' lang='lat' dir='ltr'>Hispanum</span> <span class='ocrx_word' id='word_1_310' title='bbox 679 3920 726 3960; x_wconf 64' lang='lat' dir='ltr'>At.</span> 
     </span>
    </p>
   </div>
   <div class='ocr_carea' id='block_1_6' title="bbox 42 4090 1130 4166">
    <p class='ocr_par' dir='ltr' id='par_1_8' title="bbox 42 4090 1130 4166">
     <span class='ocr_line' id='line_1_41' title="bbox 42 4090 1130 4166; baseline 0.001 -19"><span class='ocrx_word' id='word_1_311' title='bbox 42 4090 62 4157; x_wconf 84' lang='lat' dir='ltr'>l)</span> <span class='ocrx_word' id='word_1_312' title='bbox 77 4099 111 4148; x_wconf 84' lang='lat' dir='ltr'>cel</span> <span class='ocrx_word' id='word_1_313' title='bbox 126 4102 151 4150; x_wconf 87' lang='lat' dir='ltr'>in</span> <span class='ocrx_word' id='word_1_314' title='bbox 169 4120 205 4164; x_wconf 80' lang='lat' dir='ltr'>a,-</span> <span class='ocrx_word' id='word_1_315' title='bbox 233 4101 280 4153; x_wconf 82' lang='lat' dir='ltr'>aed</span> <span class='ocrx_word' id='word_1_316' title='bbox 302 4117 386 4166; x_wconf 80' lang='lat' dir='ltr'>neque</span> <span class='ocrx_word' id='word_1_317' title='bbox 410 4099 474 4151; x_wconf 79' lang='lat' dir='ltr'>baec</span> <span class='ocrx_word' id='word_1_318' title='bbox 498 4115 581 4164; x_wconf 78' lang='lat' dir='ltr'>neque</span> <span class='ocrx_word' id='word_1_319' title='bbox 607 4099 656 4150; x_wconf 84' lang='lat' dir='ltr'>illa</span> <span class='ocrx_word' id='word_1_320' title='bbox 683 4097 739 4150; x_wconf 79' lang='lat' dir='ltr'>dica</span> <span class='ocrx_word' id='word_1_321' title='bbox 757 4098 817 4164; x_wconf 80' lang='lat' dir='ltr'>scit</span> <span class='ocrx_word' id='word_1_322' title='bbox 845 4097 994 4159; x_wconf 79' lang='lat' dir='ltr'>dominica,·</span> <span class='ocrx_word' id='word_1_323' title='bbox 1020 4097 1046 4147; x_wconf 80' lang='grc'>6.</span> <span class='ocrx_word' id='word_1_324' title='bbox 1067 4095 1130 4148; x_wconf 84' lang='lat' dir='ltr'>Kal.</span> 
     </span>
    </p>
   </div>
   <div class='ocr_carea' id='block_1_7' title="bbox 18 4163 1130 4313">
    <p class='ocr_par' dir='ltr' id='par_1_9' title="bbox 18 4163 1130 4313">
     <span class='ocr_line' id='line_1_42' title="bbox 43 4163 1130 4238; baseline 0.006 -22"><span class='ocrx_word' id='word_1_325' title='bbox 43 4163 123 4221; x_wconf 66' lang='lat' dir='ltr'>Orata</span> <span class='ocrx_word' id='word_1_326' title='bbox 141 4175 187 4225; x_wconf 79' lang='lat' dir='ltr'>olii</span> <span class='ocrx_word' id='word_1_327' title='bbox 204 4175 272 4225; x_wconf 80' lang='lat' dir='ltr'>diem</span> <span class='ocrx_word' id='word_1_328' title='bbox 292 4171 467 4224; x_wconf 79' lang='lat' dir='ltr'>coronationis</span> <span class='ocrx_word' id='word_1_329' title='bbox 485 4173 614 4235; x_wconf 79' lang='lat' dir='ltr'>indicant,</span> <span class='ocrx_word' id='word_1_330' title='bbox 635 4172 755 4238; x_wconf 78' lang='lat' dir='ltr'>quamvis</span> <span class='ocrx_word' id='word_1_331' title='bbox 770 4170 892 4237; x_wconf 73' lang='lat' dir='ltr'>plerique</span> <span class='ocrx_word' id='word_1_332' title='bbox 911 4171 1008 4222; x_wconf 80' lang='lat' dir='ltr'>rectius</span> <span class='ocrx_word' id='word_1_333' title='bbox 1022 4169 1130 4222; x_wconf 78' lang='lat' dir='ltr'>4.Non.</span> 
     </span>
     <span class='ocr_line' id='line_1_43' title="bbox 18 4235 1130 4313; baseline 0.001 -20"><span class='ocrx_word' id='word_1_334' title='bbox 18 4267 20 4308; x_wconf 68' lang='grc' dir='ltr'>Ι</span> <span class='ocrx_word' id='word_1_335' title='bbox 44 4235 122 4296; x_wconf 72' lang='lat' dir='ltr'>datr.</span> <span class='ocrx_word' id='word_1_336' title='bbox 133 4245 197 4310; x_wconf 83' lang='lat' dir='ltr'>(Oct.</span> <span class='ocrx_word' id='word_1_337' title='bbox 211 4249 240 4313; x_wconf 77' lang='lat'>4)</span> <span class='ocrx_word' id='word_1_338' title='bbox 251 4255 370 4312; x_wconf 77' lang='lat' dir='ltr'>poaaat5</span> <span class='ocrx_word' id='word_1_339' title='bbox 389 4247 424 4312; x_wconf 84' lang='lat' dir='ltr'>cf.</span> <span class='ocrx_word' id='word_1_340' title='bbox 442 4245 623 4297; x_wconf 74' lang='lat' dir='ltr'>Waaelmana</span> <span class='ocrx_word' id='word_1_341' title='bbox 636 4245 678 4306; x_wconf 92' lang='lat' dir='ltr'>II,</span> <span class='ocrx_word' id='word_1_342' title='bbox 692 4259 719 4310; x_wconf 87' lang='lat' dir='ltr'>p.</span> <span class='ocrx_word' id='word_1_343' title='bbox 730 4246 792 4297; x_wconf 81' lang='lat'>496.</span> <span class='ocrx_word' id='word_1_344' title='bbox 832 4244 861 4312; x_wconf 78' lang='lat'>2)</span> <span class='ocrx_word' id='word_1_345' title='bbox 872 4263 898 4296; x_wconf 81' lang='lat' dir='ltr'>a.</span> <span class='ocrx_word' id='word_1_346' title='bbox 914 4244 993 4307; x_wconf 82' lang='lat'>1210,</span> <span class='ocrx_word' id='word_1_347' title='bbox 1005 4243 1073 4294; x_wconf 87' lang='lat' dir='ltr'>Noc.</span> <span class='ocrx_word' id='word_1_348' title='bbox 1089 4244 1130 4294; x_wconf 88' lang='lat'>18.</span> 
     </span>
    </p>
   </div>
   <div class='ocr_carea' id='block_1_8' title="bbox 43 4309 1131 4446">
    <p class='ocr_par' dir='ltr' id='par_1_10' title="bbox 43 4309 1131 4446">
     <span class='ocr_line' id='line_1_44' title="bbox 43 4309 1131 4446; baseline -0.005 -73"><span class='ocrx_word' id='word_1_349' title='bbox 43 4309 65 4446; x_wconf 56' lang='lat'><strong>3</strong></span> <span class='ocrx_word' id='word_1_350' title='bbox 79 4313 201 4446; x_wconf 55' lang='lat' dir='ltr'>Alimoqlppg</span> <span class='ocrx_word' id='word_1_351' title='bbox 225 4319 297 4373; x_wconf 78' lang='lat' dir='ltr'>Ooat.</span> <span class='ocrx_word' id='word_1_352' title='bbox 323 4319 382 4371; x_wconf 90' lang='grc' dir='ltr'><strong><em>ΙΙΙ.</em></strong></span> <span class='ocrx_word' id='word_1_353' title='bbox 408 4318 524 4372; x_wconf 82' lang='lat' dir='ltr'>eiusdem</span> <span class='ocrx_word' id='word_1_354' title='bbox 550 4319 698 4387; x_wconf 66' lang='lat' dir='ltr'>argumenti</span> <span class='ocrx_word' id='word_1_355' title='bbox 716 4317 806 4370; x_wconf 80' lang='lat' dir='ltr'>tradit.</span> <span class='ocrx_word' id='word_1_356' title='bbox 918 4314 948 4383; x_wconf 88' lang='grc'>4)</span> <span class='ocrx_word' id='word_1_357' title='bbox 975 4315 1014 4368; x_wconf 80' lang='lat' dir='ltr'>St.</span> <span class='ocrx_word' id='word_1_358' title='bbox 1041 4316 1131 4369; x_wconf 69' lang='lat' dir='ltr'>citrea</span> 
     </span>
    </p>
   </div>
   <div class='ocr_carea' id='block_1_9' title="bbox 19 4491 21 4566">
    <p class='ocr_par' dir='ltr' id='par_1_11' title="bbox 19 4491 21 4600">
     <span class='ocr_line' id='line_1_45' title="bbox 19 4491 21 4566; baseline 0 0"><span class='ocrx_word' id='word_1_359' title='bbox 19 4491 21 4566; x_wconf 74' lang='lat' dir='ltr'>l</span> 
     </span>
    </p>
   </div>
   <div class='ocr_carea' id='block_1_10' title="bbox 0 0 1478 5006">
    <p class='ocr_par' dir='ltr' id='par_1_12' title="bbox 0 0 1478 5006">
     <span class='ocr_line' id='line_1_46' title="bbox 0 0 1478 5006; baseline 0 0"><span class='ocrx_word' id='word_1_360' title='bbox 0 0 1478 5006; x_wconf 95' lang='lat' dir='ltr'> </span> 
     </span>
    </p>
   </div>
  </div>
 </body>
</html>
