2924 5006
75 397 258 450 OHRONIOA
266 399 378 451 nacla
388 398 639 454 COLONIENSIS.
654 400 756 456 CONT.
766 401 804 452 11.
823 400 856 452 A.
869 399 949 452 1214.
963 401 1042 454 1215.
1096 401 1147 452 193

41 567 162 652 signum
184 577 294 632 sancte
327 567 431 632 crucis
460 567 607 633 omnibus
640 569 682 633 ad
713 567 908 634 audiendum
929 567 1063 633 verbum
1084 569 1149 634 Dei

42 650 316 715 circumstantibus
338 674 412 715 cum
433 651 589 717 immenso
612 651 764 718 claritatis
783 651 906 738 fulgore
920 652 954 716 in
969 651 1036 717 celo
1050 674 1148 739 appa-

39 735 105 814 ruit,
126 735 261 822 ipseque
282 737 435 821 magister
455 736 613 802 Iohannes
641 738 775 822 strepitu
795 734 1014 802 tumultuantis
1035 736 1148 822 populi

40 819 164 900 excitus,
197 841 278 906 quos
299 821 333 882 in
360 820 555 906 predicando
583 843 710 921 semper
737 820 860 886 clausos
886 821 1014 887 tenebat
1040 820 1148 885 oculos

40 903 188 988 aperiens,
212 925 342 968 crucem
362 905 445 971 sicut
467 905 564 970 ceteri
594 915 626 970 et
646 930 657 969 1
682 928 716 970 se
737 903 882 970 similiter
902 904 983 970 vidit
1007 946 1042 955 —
1066 906 1148 970 mira

41 1009 85 1052 res
105 996 137 1052 et
157 985 201 1052 ad
223 987 474 1053 confirmandam
500 1012 542 1075 po
566 988 611 1053 uli
637 929 735 1054 fidem
756 990 859 1075 magis
888 991 1055 1074 magisque
1076 990 1086 1052 i
1112 1010 1148 1053 sa

41 1073 81 1136 rei
104 1073 230 1136 novitas
259 1072 466 1138 ammiranda.
548 1096 600 1137 am
627 1073 683 1156 hii,
713 1074 769 1160 qui
795 1074 891 1139 rebus
920 1011 1147 1158 temporalibus

41 1155 231 1238 insistebant,
262 1157 474 1223 vociferantes
503 1167 535 1222 et
561 1180 687 1223 sursum
719 1159 912 1244 aspicientes
939 1155 1146 1239 mirabantur,

42 1240 140 1338 agnita
167 1263 247 1306 vero
274 1242 320 1305 rei
346 1243 489 1323 veritate,
520 1242 554 1305 in
581 1241 685 1307 celum
710 1243 871 1307 intuentes
904 1263 976 1306 cum
1003 1241 1147 1330 ni[chil]a

42 1321 167 1472 v1[depre
230 1325 358 1413 olssent,
381 1326 603 1412 obstupefacti,
624 1325 742 1391 relictis
764 1326 934 1474 ppuncltisa
952 1325 1068 1412 quibus
1089 1327 1147 1390 im-

42 1407 116 1493 phcs
138 1417 249 1473 antur
269 1411 451 1498 negolciis2,
482 1411 527 1475 eis
557 1413 613 1496 qui
641 1410 741 1474 verbo
798 1412 828 1474 ei
857 1409 1053 1476 adherebant
1079 1432 1147 1475 sese

43 1492 145 1557 devote
175 1494 420 1576 coniunxerunt,
452 1495 517 1558 acsi
550 1494 645 1559 corde
675 1515 736 1559 con
759 1495 848 1559 uncti
875 1516 948 1558 cum
975 1495 1090 1559 ceteris
1116 1505 1148 1560 et

43 1577 97 1662 ipsi
116 1599 247 1642 crucem
267 1578 430 1660 viderunt,
462 1579 547 1644 unde
575 1601 612 1644 ea
639 1578 690 1643 die
716 1517 788 1664 plus
810 1601 907 1726 puam
939 1576 1024 1642 mille
1058 1579 1147 1664 quin-

43 1662 119 1744 genti
141 1683 273 1727 crucem
295 1673 508 1749 sumpserunt.
549 1664 632 1728 Item
652 1664 686 1726 in
707 1673 792 1727 terra

45 1745 193 1810 civitatem
230 1745 390 1833 quandam
422 1745 600 1812 Holovero¹
636 1749 764 1811 maioris
792 1745 923 1811 ecclesie
952 1747 985 1810 in
1013 1745 1148 1810 Colonia

45 1827 198 1894 scolastico
221 1839 365 1916 tempore
387 1832 524 1917 quodam
547 1830 682 1896 verbum
704 1832 808 1896 crucis
830 1829 1024 1917 predicante,
1052 1829 1147 1894 simili

45 1913 128 1978 modo
149 1936 232 1978 crux
256 1915 379 1980 incolo
401 1916 474 1979 miri
488 1913 620 2000 fulgoris
635 1916 797 2002 apparuit,
821 1936 884 2001 quo
899 1915 980 1997 viso,
1002 1915 1076 2000 ipsa
1094 1913 1147 1978 die

45 1996 282 2064 innumerabiles
303 2001 419 2086 signati
441 2008 523 2064 sunt.

276 2089 370 2155 Anno
392 2092 550 2158 dominice
570 2093 796 2158 incarnationis
819 2091 910 2157 1215.

841 1664 1037 1726 riscenorum
1059 1662 1148 1747 apud

1132 2175 1146 2217 s

46 2257 167 2324 diversis
200 2260 237 2323 in
267 2258 346 2324 locis
367 2259 520 2326 fabricate
553 2271 635 2325 sunt.
682 2260 886 2325 Fridericus⁰
914 2282 971 2324 rex
1003 2260 1037 2322 in
1064 2258 1146 2324 festo

14 2377 15 2410 3
47 2353 142 2408 sancte
167 2342 357 2442 Walbnrgis
390 2344 615 2410 Andernacum
644 2346 745 2427 venit,
781 2345 838 2410 ubi
870 2343 937 2408 dux
963 2343 1209 2426 Brabantie,1ra·¹
1222 2367 1240 2405 1.

14 2419 16 2510 l
47 2430 164 2494 comites
191 2426 333 2514 plurimi,
361 2427 484 2494 nobiles
510 2429 669 2494 innumeri
695 2430 763 2516 regi
788 2427 885 2492 fidem
914 2427 1066 2492 fecerunt.
1108 2427 1148 2491 In

14 2513 16 2596 i,
46 2510 143 2596 vigilia
164 2513 268 2577 sancti
290 2510 399 2576 Iacobi
422 2535 495 2578 cum
522 2513 628 2577 multis
657 2512 856 2612 principibus
877 2511 981 2598 Aquis
1002 2512 1245 2594 accessionum.

47 2594 94 2659 ubi
117 2618 136 2660 a
158 2596 340 2682 sigefridod
361 2596 548 2683 Magontino
577 2596 831 2683 archiepiscopo,
858 2595 1032 2682 apostolice
1061 2595 1147 2660 sedis

15 2747 17 2766 ,
46 2675 148 2764 legato,
168 2681 201 2744 in
225 2681 278 2744 die
300 2690 409 2745 sancto
430 2682 647 2762 intronizatus,
669 2681 885 2766 sollempniter
898 2689 995 2767 atque
1009 2679 1247 2765 gloriosorum.

15 2767 16 2828 ἐ
48 2761 196 2850 inregem
218 2774 267 2830 est
288 2775 502 2835 consecratus.
545 2764 692 2830 Vacabat
714 2765 797 2831 enim
819 2777 895 2832 tunc
916 2765 1070 2851 temporis
1086 2764 1147 2830 Co-

15 2857 16 2894 1
48 2844 183 2913 loniensis
205 2847 342 2915 ecclesia
362 2848 612 2936 archiepiscopo,
640 2851 732 2914 cuius
753 2849 831 2912 iuris
854 2860 922 2915 erat
941 2871 1051 2934 regem
1074 2870 1147 2912 con-

49 2950 169 2998 secrare.
255 2932 380 2997 Eodem
400 2943 544 3020 tempore
564 2933 701 2998 Adolfus
723 2955 831 2998 comes
860 2943 999 2998 castrum
1021 2933 1148 3020 regium

48 3014 203 3099 werdone,
226 3039 247 3079 a
268 3019 371 3117 capite
398 3018 508 3082 ieiunii
530 3018 694 3083 obsessum
713 3027 745 3082 et
763 3018 828 3081 iam
849 3039 891 3081 ex
916 3026 1007 3102 parte
1029 3037 1148 3102 magna
1157 3037 1253 3082 uass.

51 3099 215 3182 suffossum,
240 3112 388 3188 ceprt²,e
412 3103 558 3189 iscopum
579 3102 872 3182 Monosteriensem,
894 3122 1092 3187 perannum
1114 3110 1147 3166 et

49 3202 158 3249 menses
208 3195 323 3250 ustuor
344 3124 465 3251 ibidem
487 3188 686 3272 captivatum
695 3196 717 3268 ³,
739 3184 885 3268 absolvit,
914 3207 1009 3271 quam
1036 3206 1146 3249 secum

50 3266 137 3351 Aquis
146 3209 321 3335 adductum
334 3292 368 3334 re
392 3271 424 3332 ie
439 3272 650 3356 presentavit3
666 3272 718 3334 cui
731 3293 791 3334 rex
805 3279 945 3334 castrum
959 3268 1145 3353 resignavit.

16 3437 17 3440 Ἴ
49 3345 216 3439 Episcopus
241 3364 350 3418 contra
365 3293 568 3420 dolomenses
591 3355 822 3440 querimoniam
844 3375 941 3440 super
963 3353 1147 3438 captivitate
1196 3427 1197 3430 Ἴ

51 3454 98 3498 sua
123 3439 304 3524 proposuit,
340 3459 446 3502 comes
475 3437 627 3504 (lelanto
656 3460 713 3503 suo
740 3461 759 3502 a
785 3459 860 3523 rege
888 3446 919 3502 et
946 3435 1146 3523 principibus

52 3521 319 3609 quamplurimum
333 3522 581 3588 commendatur.
603 3523 654 3592 4,f
667 3521 740 3587 Kal.
749 3522 913 3607 Augustas
927 3543 986 3586 rex
996 3520 1147 3585 Nussiam

52 3604 137 3687 venit,
161 3607 247 3672 unde
268 3606 371 3691 pridie
390 3606 499 3671 Nonas
520 3607 664 3672 eiusdem
686 3605 854 3673 Coloniam
874 3608 1047 3690 ingressus,
1074 3603 1148 3670 licet

52 3685 143 3753 multis
162 3690 381 3756 resistentibus
402 3690 639 3777 plurimumque
660 3689 919 3772 reclamantibus,
948 3688 1078 3754 tandem
1100 3710 1147 3752 se-

54 3766 121 3836 datis
140 3773 420 3840 tumultuationum
447 3775 681 3858 controversiis,
708 3775 755 3839 uti
776 3775 897 3859 regiam
925 3772 1146 3838 excellentiam

56 3992 74 4045 Ε)
86 3997 171 4046 stouras
191 4001 283 4044 chartac
343 4001 367 4054 b)
387 4003 482 4052 spatium
503 4003 570 4042 anias
585 4007 605 4042 et
624 4003 724 4042 dissidiae
747 4001 816 4040 ltmaa
831 4010 922 4040 vacuam
936 3998 1031 4037 ratarum
1051 4002 1083 4036 cst
1099 3997 1147 4039 As.

56 4049 203 4102 rl‘rnrsricus
220 4061 266 4101 Aa
326 4060 350 4112 d)
366 4061 482 4102 Sidet'rido
498 4061 546 4102 At.
607 4060 630 4112 a)
646 4062 683 4101 cui
699 4071 740 4101 rex
755 4072 789 4110 pr.
807 4071 825 4100 c.
844 4070 864 4100 s.
879 4058 929 4106 regi
945 4068 963 4097 r.
980 4056 1027 4097 Aa.
1089 4057 1147 4108 ode

57 4121 131 4156 *tnnc
149 4130 192 4160 aaa
214 4123 309 4171 coastat,
326 4121 425 4169 sortasse
441 4122 504 4161 circa
518 4121 571 4161 Kal.
594 4121 709 4171 lacendum,
733 4130 780 4159 cum
798 4119 927 4158 mesariam
946 4126 1013 4166 aeque
1035 4116 1064 4156 ud
1080 4117 1146 4167 finam

58 4175 122 4214 aaut
135 4177 174 4218 Iul.
191 4177 325 4229 Aquisaraai
339 4181 419 4219 reden
433 4180 538 4220 videatur.

62 4323 84 4406 ll
99 4328 115 4379 ί.
125 4347 145 4382 a.
159 4331 275 4396 olivero,-
293 4336 328 4402 cf.
339 4334 447 4386 Ειιιοπίε
456 4336 555 4398 chron„
569 4331 619 4386 Sd.
631 4331 742 4395 XXIII,
749 4347 778 4397 p.
790 4332 852 4396 473,
866 4338 891 4384 ct
903 4329 1001 4383 Olivcrr'
1013 4329 1150 4396 cpiswlam

60 4398 121 4464 rsa
136 4405 235 4458 acam.
310 4407 339 4475 2)
358 4408 413 4462 nr.
433 4408 484 4470 aa·
505 4407 578 4460 aar.
596 4407 655 4460 ιιι.
730 4402 759 4471 a)
785 4405 815 4458 V.
835 4423 860 4457 a.
883 4405 961 4457 1214.

901 4492 940 4556 13
