2924 5006
281 373 333 424 168
422 372 610 426 canonica
627 370 740 424 naula
761 368 1013 423 COLONIENSIS.
1034 369 1138 421 CONT.
1156 369 1188 421 Δ.
1201 369 1281 420 1199.

278 612 534 698 congressionis⁸
555 543 1028 677 faeldgteeqqnqaoqldgppruqta
1088 610 1177 673 Inter
1206 609 1267 672 hec
1295 611 1415 672 omnia

278 699 364 762 fama
385 695 585 763 Coloniensis
607 695 842 794 archiepiscopi
863 716 928 758 non
943 703 1012 759 erat
1026 695 1159 778 integra,
1182 701 1214 756 et
1234 703 1415 778 suspectus

279 781 467 863 habebatur,
497 779 584 866 quod
604 780 748 864 negociis
774 801 906 844 manum
933 777 1090 842 valentius
1118 799 1183 841 non
1215 787 1415 862 apponeret,

279 889 352 932 cum
378 875 486 930 tamen
518 885 629 928 revera
663 865 887 948 gravissimum
919 871 951 926 et
978 861 1166 948 inpossibile
1200 860 1264 946 ipsi
1291 861 1418 926 fuisset

279 951 422 1015 cunctisb
462 948 664 1034 principibus
703 949 860 1012 contraire
893 957 926 1012 et
958 957 1067 1011 contra
1107 967 1217 1010 eorum
1259 944 1417 1010 volunta·

278 1043 387 1099 temet
401 1054 591 1098 consensum
606 1053 665 1117 pro
681 1052 739 1095 suo
753 1029 835 1095 velle
847 1031 1027 1094 Romanum
1038 1031 1209 1114 imperium
1221 1028 1417 1114 disponere.

279 1118 455 1183 Constabat
477 1117 571 1194 enim,
594 1117 670 1201 quia
687 1117 764 1180 Otto
787 1136 846 1179 rex
869 1115 956 1178 omni
977 1137 1059 1200 pene
1080 1123 1207 1178 terreno
1229 1113 1353 1176 auxilio
1377 1124 1417 1179 et

278 1201 418 1265 humano
441 1199 553 1264 solatio
574 1199 756 1280 destitutus,
785 1207 938 1284 quantum
967 1198 1009 1262 ad
1037 1206 1217 1282 respectum
1247 1197 1415 1262 adversae

280 1285 390 1370 partis,
413 1306 548 1368 regnum
571 1294 627 1348 aut
648 1283 820 1368 imperium
841 1304 1017 1368 numquam
1040 1283 1183 1367 optinere
1204 1291 1325 1368 posset,
1343 1282 1415 1346 nisi

279 1367 437 1432 adiutorio
460 1366 559 1431 solius
586 1367 660 1446 Dei,
683 1367 738 1514 qui
770 1365 954 1430 dominatur
984 1367 1019 1429 in
1047 1387 1146 1451 regno
1174 1365 1341 1430 hominum
1374 1376 1415 1430 et

250 1528 252 1532 ι
280 1453 407 1515 cuicum
431 1473 471 1515 ue
492 1449 627 1515 voluerit
648 1449 690 1513 da
714 1451 738 1514 it
758 1448 873 1519 illud*

363 1536 404 1599 In
451 1536 590 1599 annonia
611 1535 706 1598 etiam
729 1555 825 1619 super
846 1555 945 1618 regno
967 1531 1020 1596 illo
1042 1533 1204 1597 discordia
1218 1533 1301 1597 sevit
1320 1534 1414 1597 inter

279 1620 360 1683 duos
382 1621 505 1702 fratres,
535 1616 620 1704 quod
649 1619 682 1680 in
708 1616 771 1682 hoc
798 1617 895 1682 modo
923 1616 1077 1682 accidisse
1098 1616 1268 1686 ferebatur.
1323 1615 1413 1681 Bela

280 1726 339 1768 rex
354 1703 516 1787 Ungariae
531 1703 597 1766 vita
612 1700 789 1766 decedens¹
808 1701 890 1766 duos
904 1699 1032 1787 reliquit
1046 1700 1137 1782 filios,
1150 1700 1412 1765 Hemmeradum

280 1797 312 1852 et
334 1786 507 1851 Andream.
551 1785 696 1866 Quorum
711 1787 811 1870 priori
825 1807 961 1868 regnum
977 1783 1067 1849 dedit
1081 1794 1112 1849 et
1126 1783 1224 1849 filiam
1247 1785 1412 1870 principis

280 1870 481 1952 Antiochiae,
504 1869 595 1935 alteri
617 1869 756 1955 quedam
779 1869 909 1934 castella
931 1879 963 1933 et
983 1869 1096 1955 predia
1117 1889 1235 1954 magna
1249 1877 1348 1953 atque
1363 1868 1411 1932 ad

280 1955 571 2041 peregrinationem
581 1951 900 2034 iherosolimitanam,
916 1964 1034 2039 quam⁰
1056 1955 1126 2038 ipse
1148 1962 1289 2033 voverat,
1310 1973 1410 2038 pera-

279 2039 420 2124 gendam
430 2037 588 2102 infinitam
603 2038 783 2124 pecuniam.
817 2036 1013 2102 Adolescens
1028 2047 1134 2102 autem
1149 2045 1224 2122 post
1238 2035 1411 2101 decessum

281 2124 382 2208 patris
405 2143 478 2185 cum
499 2119 601 2186 libera
621 2141 699 2185 usus
720 2120 834 2186 fuisset
853 2129 1023 2208 potestate,
1046 2122 1129 2184 sicut
1149 2143 1188 2184 ea
1208 2129 1276 2184 etas
1294 2120 1409 2206 sepius

304 2205 419 2290 rodiga
434 2213 483 2269 est
497 2215 529 2269 et
539 2205 718 2290 inprovida,
734 2217 899 2291 acceptam
915 2205 1108 2291 pecuniamd
1123 2205 1187 2269 cito
1203 2203 1267 2268 dila
1291 2203 1408 2270 idavit.

246 2365 249 2372 Ι
280 2229 356 2370 {uo
378 2291 474 2372 facto,
497 2310 571 2353 cum
604 2288 645 2353 ad
672 2299 861 2354 consuetum
888 2289 1001 2354 luxum
1029 2291 1124 2376 copia
1150 2311 1216 2353 non
1248 2227 1409 2371 xiiiueret,

281 2373 368 2459 cepit
390 2371 524 2436 consilio
536 2393 669 2437 suorum
679 2396 814 2459 regnum
828 2373 934 2438 fratris
951 2373 1031 2438 sibi⁰
1046 2373 1231 2458 usurpando
1241 2373 1407 2438 invadere.

281 2456 343 2522 Oui
357 2479 432 2522 cum
447 2478 506 2521 rex
520 2457 690 2538 resisteret,
713 2467 781 2522 orto
803 2458 886 2522 inter
915 2457 989 2522 eosf
1008 2455 1100 2536 bello,
1122 2458 1258 2523 victoria
1283 2459 1407 2542 potitus

280 2549 329 2604 est
336 2539 482 2606 Andreas
500 2539 620 2604 auxilio
639 2541 729 2604 ducis
745 2540 896 2606 Austriae
915 2539 1108 2629 [Lupoldis],
1129 2541 1220 2604 cuius
1234 2540 1334 2604 filiam
1347 2540 1407 2604 du-

279 2633 384 2688 xerat.
413 2623 486 2706 Quo
502 2646 653 2688 successu
668 2623 769 2690 elatus
782 2626 916 2690 —sicut
929 2647 980 2689 res
996 2635 1044 2689 est
1058 2625 1092 2688 in
1114 2625 1201 2689 uicta
1215 2623 1351 2690 felicitas
1364 2665 1405 2674 —

281 2705 422 2773 seeundo
446 2709 617 2772 contractis
640 2708 741 2792 copiis
762 2708 894 2774 fratrem
915 2706 1048 2773 invadit.
1082 2647 1150 2791 lie,
1172 2708 1283 2773 accitis
1298 2707 1406 2775 Theu-

281 2791 407 2874 toniois,
431 2813 567 2877 quorum
589 2790 636 2855 ibi
659 2793 752 2877 copia
773 2815 891 2878 magna
912 2802 969 2868 est,
993 2794 1049 2879 qui
1072 2802 1105 2857 et
1125 2792 1267 2876 hospites
1288 2792 1335 2857 ibi
1350 2816 1405 2859 vo-

280 2883 403 2955 cantur,
424 2875 556 2940 fratrem
578 2875 706 2956 devicit,
730 2877 844 2941 occisis
866 2899 908 2940 ex
928 2877 998 2940 eius
1012 2886 1102 2962 parte
1117 2876 1225 2942 multis
1241 2888 1273 2942 et
1291 2880 1404 2963 captis.

280 2958 449 3023 Eiusmodi
464 2981 541 3045 ergo
564 2958 727 3024 discordia
741 2961 823 3025 inter
838 2982 892 3024 eos
915 2959 1038 3024 diutina
1052 2961 1113 3026 fuit
1127 2970 1159 3026 et
1172 2962 1333 3047 pertinax,
1347 2983 1403 3028 va-

279 3044 410 3129 riusque
426 3042 581 3109 bellorum
598 3044 742 3132 [eventus
749 3045 788 3130 Ἴ,
799 3044 901 3109 donec
916 3044 1126 3129 Moguntinus
1144 3046 1402 3133 archiepiscopus

280 3127 320 3191 de
347 3129 566 3193 transmarinis
596 3128 733 3207 rediens,
759 3137 867 3215 partes
895 3150 969 3193 suas
990 3129 1188 3215 interposuit
1213 3151 1333 3215 eosque
1361 3131 1402 3194 ad

280 3212 487 3277 concordiam
515 3211 653 3277 reduxit.
701 3211 775 3276 Hoc
804 3211 974 3294 elaborato,
997 3235 1056 3277 rex
1077 3214 1120 3277 ad
1140 3212 1401 3298 perigrinantium

279 3293 406 3361 lumbos
428 3318 503 3360 suos
525 3298 674 3378 accinxit,
697 3297 869 3360 commissa
890 3297 982 3380 regni
1004 3319 1082 3361 cura
1103 3297 1194 3363 fratri
1216 3319 1286 3362 suo.

622 3439 790 3491 Benenato
810 3439 852 3490 ΙΙ.
872 3441 968 3496 codd.
986 3442 1014 3493 B
1040 3440 1069 3493 0.

371 3513 430 3576 Quo
449 3529 576 3565 successu
596 3541 629 3551 -
652 3539 685 3549 -—
706 3518 734 3564 et
753 3513 847 3579 captis.
867 3522 897 3564 ut
916 3515 1043 3566 Recensio
1062 3515 1087 3566 Ι.

362 3580 488 3644 Eodem
517 3601 600 3644 anno
624 3580 790 3645 descendit
811 3579 980 3646 Ounradus
1001 3582 1224 3666 Mogontinusi
1246 3581 1399 3669 archiepi-

280 3684 396 3748 scopus
418 3662 460 3727 ab
482 3663 584 3745 Italia,
608 3672 641 3728 et
663 3685 737 3727 cum
759 3685 797 3728 eo
819 3663 1028 3729 Bonifaeiusk
1050 3663 1193 3730 marchio
1216 3665 1255 3730 de
1277 3667 1398 3731 Monte-

278 3746 399 3811 ferreol
420 3755 456 3810 ut
477 3745 672 3811 discordiam
695 3769 758 3833 que
779 3748 813 3812 in
834 3770 934 3834 regno
957 3759 1027 3815 orta
1047 3749 1151 3814 iuerat
1172 3772 1213 3814 ex
1243 3748 1396 3815 electione

284 3829 412 3895 Ottonis
434 3840 467 3894 et
487 3830 579 3895 ducis
602 3830 776 3896 Sueviae*'¹‘
804 3832 960 3915 sedarent,
989 3843 1021 3898 et
1042 3835 1070 3898 si
1090 3835 1259 3920 nequirent
1280 3834 1366 3899 istud
1378 3846 1396 3877 ¹¹¹

345 3937 374 4005 ¹¹)
395 3937 434 3989 01
458 3939 521 3992 odd.
542 3939 618 4005 infra
636 3939 665 3989 in
683 3939 812 4006 marytre,
832 3949 861 3990 ut
880 3940 993 4004 videtur,
1014 3960 1097 3994 manu
1117 3943 1181 4005 alic,
1202 3942 1320 3994 ciusdem
1338 3959 1397 3994 cero

388 4012 497 4063 aetatis:
517 4013 617 4064 Obiit
640 4013 705 4062 hoc
725 4029 811 4064 anno
828 4015 993 4068 Albertus
1014 4016 1053 4066 de
1077 4015 1168 4067 Ohuc
1184 4015 1397 4068 Leodiensis

389 4085 605 4152 episcopus².
698 4083 745 4152 **)
763 4086 889 4155 Phylippi
907 4088 970 4139 Β1.

278 4191 301 4243 a)
318 4193 457 4241 egressionis
474 4193 528 4244 2123
544 4194 720 4242 congressiones
736 4195 785 4236 Bl.
803 4197 823 4237 2.
841 4197 884 4238 01.
901 4199 921 4241 2.
972 4198 996 4251 b)
1012 4211 1032 4239 c.
1049 4199 1112 4239 enim
1127 4208 1161 4247 pr.
1178 4197 1227 4238 Aa
1282 4198 1302 4246 c)
1319 4209 1396 4249 perag.

278 4252 439 4300 utinm.
500 4251 523 4304 d)
540 4252 662 4294 decern.
722 4251 855 4305 e)su101.
931 4256 1164 4308 oportaupplAEI.
1240 4254 1396 4308 &decan

277 4309 301 4361 h)
319 4311 374 4350 areat
390 4310 438 4358 Aa,
461 4314 533 4362 epatio
553 4323 622 4353 vauro
637 4313 717 4352 relicto.
749 4329 778 4349 =
807 4312 1051 4366 incrastinascit.
1070 4316 1329 4369 aararrogonnnus
1350 4317 1392 4357 Bt.

276 4367 301 4424 ¹5)
317 4367 402 4411 Bonos.
419 4371 463 4413 01.
521 4370 540 4424 1)
556 4374 634 4414 Monte
655 4371 713 4412 terto
731 4374 774 4414 01.
836 4373 868 4426 m)
885 4376 1001 4418 illudet.

279 4461 308 4529 1)
328 4464 405 4516 Anno
426 4466 507 4518 1196.
586 4467 615 4536 2)
634 4464 712 4518 Anno
734 4467 813 4529 1200,
833 4467 912 4520 Febr.
937 4471 959 4520 1.
