2942 4998
126 1294 281 1398 (lolonia,
302 1317 541 1402 florentissima
567 1319 627 1384 illa
656 1319 842 1404 metropolis
866 1322 911 1386 ad
931 1321 1081 1386 Rhenum
1104 1321 1157 1385 in·

34 1401 195 1489 seriorem
217 1403 292 1482 sita,
316 1424 400 1486 quae
423 1403 554 1468 saeculo
575 1403 650 1468 XII.
674 1413 703 1470 et
723 1405 818 1468 XIII.
841 1406 878 1470 in
899 1406 993 1470 rebus
1011 1404 1157 1488 publicis

43 1483 136 1574 hepni
160 1485 354 1551 Germanici
369 1487 502 1570 primas
522 1487 599 1572 fere
621 1498 738 1573 portes
767 1489 893 1583 apebat,
922 1491 1017 1554 cuius
1046 1491 1155 1554 urchi·

44 1574 188 1658 episcopi
210 1569 357 1634 adlatus
377 1572 470 1636 modo
493 1576 742 1658 imperatorum,
762 1574 855 1638 modo
870 1597 945 1638 vero
968 1583 1082 1639 contra
1105 1597 1156 1639 eos

44 1679 197 1722 summam
221 1655 444 1720 auctoritatem
466 1657 530 1721 sibi
551 1658 774 1738 vindicabant,
805 1661 900 1723 cuius
923 1661 1007 1723 ciues
1029 1659 1157 1723 diuitiis

44 1741 235 1806 encellebant
262 1748 290 1802 et
318 1739 412 1826 lonpe
441 1741 531 1804 ultro
567 1744 701 1826 imperii
724 1741 812 1822 fines
844 1742 953 1829 ploria
977 1741 1154 1828 pollebant,

43 1827 137 1891 etiam
159 1826 198 1890 de
220 1823 359 1888 historia
389 1826 459 1888 eius
486 1829 640 1910 temporis
667 1828 783 1911 optime
805 1828 922 1890 merita
943 1837 996 1892 est.
1040 1827 1154 1891 Fride-

42 1911 146 1977 riciI.
168 1908 375 1994 temporibus,
398 1909 476 1974 dum
491 1909 683 1974 Ruinuldus
706 1910 974 1996 archiepiscopus
997 1933 1156 1975 summam

42 1997 90 2062 rei
105 1994 260 2081 publicae
278 2015 391 2056 curam
406 1995 546 2079 gerebat,
569 2017 651 2079 opus
668 2004 811 2079 coeptum
833 2003 888 2076 est,
911 2018 973 2082 quo
995 2016 1047 2058 res
1068 1996 1156 2059 domi

41 2080 240 2164 militiaeque
262 2100 283 2140 o
298 2077 429 2163 regibus
446 2081 644 2164 praesertim
662 2088 770 2166 pestue
792 2080 1010 2144 traderentur.
1056 2077 1154 2144 Chro-

42 2167 135 2230 niooe
171 2165 283 2248 repiae
320 2163 460 2243 nomine,
498 2185 560 2249 quo
599 2165 667 2228 iam
704 2164 833 2229 saeculo
869 2164 924 2228 XI.
960 2163 1155 2228 Lantbertus

43 2249 219 2315 Tuitiensis
251 2246 411 2310 eiusmodi
449 2247 619 2312 historiam
654 2248 900 2334 sipnificobaffl,
936 2250 1007 2334 ipse
1041 2258 1156 2312 auctor

40 2356 120 2398 usus
141 2341 216 2411 est²,
238 2353 340 2415 neque
362 2330 525 2412 habemus,
548 2353 607 2396 cur
622 2355 656 2396 eo
671 2334 787 2397 reiecto
803 2332 905 2396 alium
920 2333 1155 2396 substituamus

39 2417 188 2484 titulum³
210 2413 412 2498 (Annalium
436 2413 676 2480 Coloniensium
697 2419 944 2500 manimorum),
968 2419 1026 2502 qui
1042 2418 1155 2502 partis

36 2501 155 2588 praeci
180 2521 243 2563 uae
266 2499 385 2564 editori
407 2497 488 2582 (SS.
502 2500 617 2580 XVII)
634 2499 776 2585 placuit.

152 2607 220 2669 pus
242 2606 327 2666 uero,
351 2583 439 2670 quod
460 2607 549 2649 nunc
567 2583 701 2668 plenius
723 2608 822 2671 quam
844 2595 941 2649 autea
957 2585 1153 2666 euhibemus,

2 2717 9 2729 .
38 2671 133 2736 ouius
160 2677 273 2753 partes
300 2670 338 2732 in
361 2669 500 2732 diuersis
520 2691 661 2756 mapnue
688 2679 818 2734 nostrae
845 2671 1040 2734 collectionis
1061 2670 1154 2733 tomis

37 2754 138 2820 lucem
146 2753 310 2835 uiderunt,
322 2774 423 2838 neque
432 2775 499 2818 uno
508 2761 647 2838 tempore
659 2777 761 2839 neque
772 2754 879 2819 eodem
888 2753 1023 2819 consilio
1035 2755 1155 2839 etpuri

36 2860 190 2904 successu
206 2835 446 2922 est'susceptum
469 2847 497 2902 et
520 2839 564 2902 ad
578 2839 683 2921 finem
703 2839 885 2912 deductum,
907 2848 935 2902 et
958 2860 1154 2924 quamquam

35 2922 219 3008 complures
241 2924 312 2986 eius
334 2923 459 2987 codices
479 2925 633 3008 temporis
652 2924 845 2988 iniuriame
870 2931 1021 3009 uperuut,
1044 2921 1155 2986 nullus

36 3016 143 3073 tansen
173 3005 294 3070 librum
328 3007 492 3092 inteprum
523 3015 553 3070 et
579 3008 759 3093 penuinum
795 3030 835 3072 en
858 3007 929 3072 ibet.
987 3006 1052 3070 Hic
1080 3028 1154 3072 uero

37 3093 136 3156 etiam
163 3091 281 3154 uarios
313 3091 424 3154 induit
441 3091 594 3174 formas,
628 3113 769 3176 quorum
795 3093 955 3157 rutionem
984 3100 1013 3156 et
1033 3113 1153 3154 nemum

37 3186 71 3240 nt
99 3176 358 3262 perspiciamus,
383 3177 530 3259 primum
560 3176 685 3241 codices
714 3179 903 3260 superstites
928 3197 1153 3240 recenseamus

37 3270 172 3346 oportet.

120 3344 197 3408 Al.
249 3341 357 3408 Codeoc
391 3342 596 3408 bibliothecae
633 3345 757 3408 comitis
794 3345 832 3408 de
861 3341 1151 3422 Ashburnham,

1 3449 2 3452 ’
35 3427 133 3492 Libri
161 3450 214 3490 nr.
238 3427 329 3508 1586,
361 3427 490 3492 membr.
520 3451 545 3492 s.
568 3428 644 3494 XII.
674 3450 723 3493 eoo.
757 3428 806 3492 uel
834 3426 927 3492 XIII.
945 3427 1029 3490 tue
1061 3424 1152 3490 Folio

30 3515 145 3598 primo
159 3533 280 3575 manus
294 3512 419 3576 saeuX
423 3512 455 3576 V.
465 3535 517 3579 eoo.
535 3515 708 3577 annotavit
725 3512 818 3577 hoec:
840 3511 905 3576 Iste
920 3509 1000 3576 liber
1015 3510 1153 3596 pertinet

37 3673 64 3742 1)
90 3675 122 3727 V.
135 3672 272 3727 Heriberti
289 3691 310 3725 c.
330 3677 355 3738 4,
375 3673 425 3728 δ’δ’.
439 3675 458 3725 1
464 3675 492 3739 V,
507 3693 538 3742 p.
554 3675 621 3726 742:
641 3677 770 3739 Quotiens
791 3692 849 3727 sum
869 3677 1030 3742 imperatore
1040 3675 1154 3726 Romam

33 3750 96 3800 ierit
115 3754 144 3799 et
163 3749 274 3800 redierit
293 3753 375 3815 utque
395 3754 522 3814 augustus
546 3766 636 3801 arcem
661 3751 776 3817 imperii,
804 3765 847 3800 res
866 3748 963 3800 Italiae
988 3747 1152 3799 moderando

1 3832 6 3897 ζ
33 3821 207 3889 disposuerit,
221 3823 308 3889 potius
321 3824 412 3889 regiae
422 3823 528 3874 videtur
540 3823 739 3874 inscribendum
754 3825 896 3874 chronicae
910 3839 989 3888 quam
1001 3824 1031 3872 in
1043 3821 1153 3872 leudem

1 3938 6 3949 .
34 3898 123 3948 sancti
136 3895 269 3947 violenter
281 3897 427 3947 inflectere.
467 3895 529 3948 Non
545 3897 614 3948 hunc
627 3897 732 3962 quidem
744 3897 826 3948 solum
840 3893 943 3959 librum,
957 3895 1004 3946 sed
1017 3893 1153 3946 historiam

1 3978 2 4012 ἒ
34 3969 90 4022 sius
105 3967 258 4037 arpumenti
273 3966 435 4020 Oomnienses
452 3971 554 4037 replum
568 3971 718 4022 chronicam
733 3977 904 4022 uocauerunt.
941 3966 1026 4020 Aliter
1044 3968 1077 4020 dc
1097 3969 1151 4019 loco

31 4042 203 4095 sentiendium
223 4049 259 4094 est
277 4041 307 4093 in
328 4041 384 4094 θαι.
404 4041 521 4110 archiep.
541 4043 629 4096 Gelon.
649 4044 674 4108 I,
695 4041 745 4094 SS.
762 4042 866 4107 XXIV,
883 4060 913 4108 p.
934 4043 1003 4092 ³43:
1024 4041 1107 4093 mults.
1126 4046 1153 4091 et

35 4118 144 4168 cronice
170 4119 245 4182 regie
272 4116 427 4182 dignissime
453 4117 597 4169 inserendo
620 4133 667 4184 per
692 4132 796 4168 omnem
822 4115 937 4166 Yteliam
963 4120 1089 4182 operatus
1113 4119 1154 4166 est

22 4189 230 4263 ¹¹(Baiuraldus).
324 4190 353 4254 2)
375 4207 400 4240 a.
422 4191 501 4256 1147,
517 4209 548 4257 p.
570 4191 617 4254 83;
643 4208 669 4241 a.
690 4189 769 4254 11t8,
786 4207 815 4255 p.
837 4190 882 4239 99.
977 4189 1007 4256 3)
1028 4187 1068 4256 (ff.
1085 4203 1154 4252 quae

40 4261 221 4326 Wattcnbcch,
249 4261 306 4324 GQ.
326 4263 368 4327 II,
389 4281 419 4329 p.
441 4264 502 4328 338,
527 4273 618 4315 contra
636 4262 759 4316 Ianscnii
782 4271 806 4314 et
825 4260 972 4315 KPertcii
997 4259 1153 4315 sententiam

10 4394 24 4408 .
62 4360 67 4380 o
94 4335 145 4389 uit.
185 4336 232 4388 Itu
250 4335 329 4387 etium
348 4335 457 4390 Plotner
474 4339 503 4388 in
521 4335 965 4402 versioneGermcnicop.XXV11.
1001 4392 1006 4412 Ι
1039 4334 1070 4402 4)
1092 4334 1155 4386 Non

13 4413 52 4464 ἢ.
65 4411 115 4463 XI
115 4410 222 4475 -XII,
236 4418 266 4461 ut
279 4409 324 4461 ‘N.
337 4409 444 4464 Archiu'
458 4411 477 4462 1
483 4411 510 4476 V,
519 4429 550 4477 p.
561 4411 624 4463 611.
638 4429 670 4464 cu
686 4411 804 4477 catolopo
817 4408 943 4476 impresso
955 4407 1094 4475 repetitum
1107 4416 1155 4460 est.

316 4597 429 4748 ,Lon
478 4641 551 4710 osc
581 4642 629 4704 ss
662 4649 733 4714 un
