2924 5006
292 399 344 448 isa
417 398 605 451 cultorllcs
623 397 737 450 alisia
759 395 1013 451 conollnsllffls.
1034 393 1280 447 nonnanes.

636 571 800 623 Reccario
820 571 846 623 I.
865 570 962 622 codd.
982 568 1016 622 Α.
1038 568 1065 620 0,

290 640 387 704 fratre
410 639 535 704 comitis
558 638 599 702 de
614 637 757 720 Hollant,
780 637 888 702 electis
906 637 1121 702 Traiectensis
1144 633 1307 715 ecclesiae,
1331 653 1417 696 mor-

291 724 385 807 tuis¹,
407 722 550 788 succedit
571 722 807 788 Theodericusi
829 721 869 785 de
891 719 1075 806 llurbergb.

664 812 828 864 Rcccass'o
848 811 873 861 Ι.
893 812 984 863 codd.
1005 812 1038 862 A.

377 881 493 944 Werra
520 901 638 964 magna
666 892 698 944 et
726 880 889 944 dissensio·
905 879 1000 942 nimis
1022 876 1185 942 timenda⁰
1207 877 1307 940 oritur
1332 877 1418 940 inter

314 965 454 1049 rincipes
491 963 706 1028 Theutonicos
742 964 783 1028 de
825 964 971 1049 imperio.
1025 961 1110 1025 Nam
1147 959 1351 1026 Coloniensis
1389 969 1421 1024 et

271 987 491 1113 lrevirensis
514 1046 752 1133 archiepiscopi
774 1045 962 1112 electionem
990 1047 1076 1130 regis
1098 1045 1149 1109 sui
1170 1045 1249 1108 iuris
1273 1066 1345 1108 esse
1368 1043 1421 1108 fir·

293 1142 427 1213 mantes,
460 1130 569 1196 habito
601 1128 734 1194 consilio
764 1153 839 1195 cum
868 1130 1060 1216 quibusdam
1084 1128 1141 1194 sed
1161 1128 1275 1213 paucis
1298 1129 1421 1214 princi·

293 1216 400 1315 pibus,
418 1216 539 1279 curiam
561 1214 631 1279 aliis
652 1215 848 1301 primoribus
862 1215 897 1278 in
907 1213 1043 1280 Colonia
1057 1211 1240 1277 habendam
1256 1213 1421 1298 prefigunt

185 1318 252 1360 aare.
262 1320 283 1359 1.
295 1322 328 1362 m
351 1298 513 1362 dominica
536 1297 632 1364 Oculi
654 1300 728 1378 mei,
751 1308 921 1364 evocantes
943 1297 1057 1363 eodem
1080 1306 1111 1361 et
1133 1296 1249 1361 ducem
1266 1295 1420 1381 Oerugie,

295 1405 393 1469 quem
431 1384 527 1447 etiarn
562 1383 626 1467 ipsi
656 1381 911 1448 deliberaverant
941 1404 1051 1467 regern
1083 1385 1201 1444 creare.
1258 1378 1312 1443 Ad
1336 1379 1421 1442 hanc

293 1475 401 1530 autem
424 1468 546 1531 curiam
576 1488 651 1530 cnm
678 1467 842 1565 principes
866 1465 945 1530 nulli
967 1487 1134 1531 occurrere
1161 1462 1290 1544 vellent,
1317 1465 1422 1548 scrip-

294 1559 403 1614 serunt
423 1550 578 1635 predictis
600 1549 852 1636 archiepiscopis
868 1560 1026 1614 eteorum
1043 1545 1237 1634 sequacibus
1252 1548 1422 1632 principes

292 1635 422 1698 Austris
444 1643 476 1699 et
497 1632 633 1698 aliarum
655 1635 857 1719 superiorum
886 1636 1036 1720 partium,
1071 1641 1106 1695 ut
1134 1632 1198 1718 ipsi
1230 1631 1272 1695 ad
1296 1634 1422 1695 curiam

293 1719 327 1781 in
342 1717 492 1804 Erspfort
507 1729 713 1782 occurrerent
734 1717 865 1783 electuri
887 1740 959 1781 curn
984 1719 1028 1781 eis
1043 1717 1206 1803 ydoneum
1229 1724 1261 1779 et
1283 1715 1422 1802 dignum

293 1801 367 1866 Deo
389 1803 614 1888 imperatorem
631 1811 662 1866 et
676 1801 868 1867 advocatum
884 1799 1100 1866 ecclesiarum.
1143 1800 1233 1864 Dum
1253 1821 1330 1885 ergo
1354 1801 1422 1864 iam

631 1944 797 1998 Receasio
817 1946 860 1998 II.
879 1945 973 1997 codd.
989 1944 1024 1996 B.
1046 1943 1075 1995 0.

364 2049 492 2112 Primus
519 2071 621 2113 annus
644 2049 821 2114 discordias
844 2051 999 2147 inoregno
1021 2049 1105 2113 inter
1126 2047 1206 2111 duos
1228 2070 1323 2133 reges
1333 2049 1360 2111 ἃ.

490 2133 519 2196 8.
562 2132 658 2196 Anno
683 2133 866 2199 dominicae
887 2132 1115 2196 incarnationis
1140 2132 1230 2196 1198.

387 2223 504 2273 Werrar
524 2238 622 2287 magna
642 2231 669 2273 st
690 2222 821 2275 dissensio
841 2225 919 2276 nimis
944 2223 1064 2274 timenda
1087 2224 1172 2272 oritur
1190 2223 1259 2272 inter
1283 2223 1426 2290 principes

294 2296 476 2347 Theutonicos
497 2296 531 2345 de
550 2296 674 2362 imperio.
717 2297 786 2347 Nam
807 2297 976 2348 coloniensis
994 2303 1021 2346 et
1038 2297 1204 2346 Trevirensis
1220 2296 1425 2366 archiepiscopi

295 2376 454 2427 electionem
483 2376 554 2440 regis
582 2376 624 2426 sui
649 2377 713 2426 iuris
742 2392 801 2427 esse
824 2376 970 2438 firmantes,
999 2376 1090 2426 habito
1112 2374 1222 2425 consilio
1244 2363 1333 2449 apud
1356 2365 1427 2427 An·

295 2446 490 2511 dernacum¹
513 2447 604 2510 cums
626 2446 834 2511 Bernhardos
850 2446 932 2512 duce
952 2446 1113 2512 Saxoniae
1129 2457 1161 2510 et
1175 2445 1245 2509 aliis
1261 2448 1426 2534 episcopis

295 2541 328 2595 et
355 2528 526 2594 comitibus
555 2541 587 2595 et
614 2529 776 2596 nobilibus
799 2529 959 2617 plurimis,
987 2531 1107 2593 curiamh
1129 2542 1292 2593 omnibus
1322 2547 1425 2610 prin-

297 2621 430 2687 cipibus
449 2621 477 2670 in
491 2618 604 2672 Colonia
616 2621 767 2673 habendam
781 2621 915 2687 preligunt
927 2623 955 2671 in
966 2621 1100 2672 dominica
1110 2620 1190 2672 Oculi
1199 2623 1262 2682 mei,
1277 2629 1426 2676 evocantes

296 2693 392 2745 eodem
412 2699 439 2744 st
459 2692 554 2744 ducem
573 2694 674 2745 Zarin
684 2710 750 2760 gon
766 2695 924 2757 Bertolfum,
938 2711 1016 2761 quem
1031 2689 1122 2745 etiarni
1139 2695 1192 2760 ipsi
1205 2694 1427 2748 deliberaverant

295 2788 388 2838 regem
418 2787 518 2822 creare.
571 2773 614 2822 Ad
636 2789 715 2839 quam
737 2775 837 2824 curiam
859 2789 920 2824 cum
941 2763 1036 2847 pauci
1064 2779 1261 2844 occurrerent,
1289 2773 1322 2828 et
1349 2764 1426 2828 ideo

295 2842 359 2907 tale
381 2843 554 2942 nqgocium
574 2843 615 2908 ad
639 2844 788 2910 effectum
810 2867 875 2910 non
896 2854 1029 2931 possent
1049 2845 1236 2931 perducere,
1251 2850 1428 2913 nunciatur

296 2929 353 3008 eis,
370 2924 539 2992 orrentales
554 2928 754 2992 marchiones
777 2950 852 2993 cum
872 2930 954 2993 duce
976 2930 1138 2994 Saxoniae
1159 2929 1348 2995 Bernhardo
1370 2933 1427 2996 et¹¹

297 3011 555 3097 Magaburgense
576 3011 819 3099 archiepiscopo
842 3023 874 3078 et
891 3012 1026 3076 aliarum
1048 3013 1264 3098 superioruml
1279 3017 1426 3100 partium

297 3097 499 3244 principibus
513 3095 555 3160 ad
571 3095 757 3161 electionem
772 3098 849 3161 novi
864 3099 948 3181 regis
964 3097 1113 3182 Erspfort
1127 3099 1326 3163 convenisse.
1360 3099 1427 3180 Qui

299 3201 376 3244 mox
430 3181 656 3244 erimannumm
674 3181 957 3245 Monastsricnsem
974 3182 1164 3266 episcopum
1184 3189 1216 3244 et
1230 3180 1310 3247 alios
1325 3184 1426 3248 hono-

297 3274 384 3330 ratos
412 3267 498 3329 viros
520 3264 562 3327 ad
584 3264 734 3328 eosdcm¹¹
757 3265 812 3350 qui
834 3274 1048 3328 convenerant
1069 3265 1231 3350 principes
1257 3267 1425 3349 miserunt,

296 3357 458 3494 rogantes,
480 3370 520 3411 ne
543 3346 728 3413 absentibus
756 3350 802 3412 eis
831 3347 971 3433 aliquam
1002 3347 1191 3412 electionem
1213 3348 1424 3433 celebrarent,

298 3453 332 3496 se
377 3431 418 3494 ad
438 3430 577 3517 aliquem
599 3432 840 3495 denominatum
862 3431 968 3496 locum
982 3433 1062 3516 ipsis
1083 3444 1295 3506 occurrerent,
1312 3449 1428 3500 electuri

299 3539 359 3574 cum
373 3523 411 3572 eis
424 3521 558 3587 ydoneum
576 3528 603 3572 et
616 3524 726 3588 dignum
736 3523 796 3573 Deo
807 3524 995 3589 imperatorem
1009 3528 1037 3573 et
1049 3523 1209 3574 advocatum
1218 3527 1425 3579 aecclesiarum.

298 3667 472 3720 s)¹1¹eod.B1.
490 3666 532 3708 02.
614 3664 638 3716 b)
659 3668 791 3718 Nurlnberg
812 3669 853 3708 02.
937 3665 959 3718 c)
981 3669 1114 3718 periculosa
1135 3668 1181 3710 ΑΒ.
1268 3670 1291 3722 d)
1315 3673 1427 3714 Ottonem

299 3728 406 3767 comitem
422 3725 524 3765 Pictsvle
540 3727 563 3764 et
577 3725 712 3776 Philippum
733 3728 814 3768 ducem
836 3726 920 3767 Suesia
941 3727 992 3768 add.
1014 3728 1056 3768 02.
1122 3727 1144 3779 e)
1162 3728 1226 3770 coda
1249 3730 1267 3770 0
1279 3736 1304 3770 at
1326 3733 1346 3771 A
1360 3745 1426 3783 prae·

297 3787 398 3825 mittum:
422 3784 595 3824 celestinus-
610 3785 723 3835 Nurberg.
785 3785 803 3836 i)
819 3786 874 3826 deest
891 3786 932 3836 01,·
947 3798 975 3828 m.
992 3797 1009 3827 e.
1026 3785 1075 3828 XV.
1090 3787 1162 3836 suppl.
1180 3787 1225 3837 0⁹4
1260 3790 1428 3833 Bernhardnur

299 3845 381 3885 ducem
396 3855 454 3884 corr.
476 3853 528 3882 cum
543 3843 679 3882 Bernhardo
701 3845 759 3884 duce
775 3845 821 3884 Bi.
891 3844 914 3896 g)
936 3847 1056 3885 Bernardo
1082 3846 1132 3896 023
1153 3847 1275 3888 Bernarnc
1297 3849 1341 3901 01,
1363 3853 1427 3902 {alra

299 3902 427 3945 Bernsrdo.
508 3899 532 3951 h)
550 3911 626 3940 coram
639 3913 697 3943 corr.
714 3905 802 3943 curiam
822 3903 869 3942 Bl.
952 3902 968 3954 l)
985 3905 1030 3953 lpsl
1046 3904 1116 3944 etiam
1132 3905 1178 3945 Bi.
1262 3906 1287 3958 k)
1304 3909 1363 3949 deest
1381 3911 1424 3954 οἳ.

299 3960 316 4012 l)
333 3971 469 4013 superorum
485 3961 531 3999 Bl.
551 3961 570 3999 i.
589 3960 630 4001 01.
648 3961 668 3999 2.
737 3961 768 4013 m)
784 3962 953 4002 Heirmannum
969 3963 1010 4002 02.
1075 3962 1101 4015 n)
1117 3964 1147 4003 ad
1162 3965 1255 4005 eosdem
1271 3972 1291 4006 et
1305 3969 1428 4020 principes

298 4022 323 4060 ia
338 4023 383 4060 loco
398 4032 450 4060 raso
466 4021 518 4069 1313
534 4020 596 4059 viros
612 4021 653 4068 qul
670 4030 735 4062 conv.
752 4021 781 4061 ad
796 4032 818 4070 p.
835 4032 865 4061 m,
883 4022 934 4071 013
950 4022 979 4061 sd
995 4022 1056 4061 viros
1072 4023 1189 4073 principes
1208 4025 1249 4073 qui
1265 4034 1428 4070 convenerant

300 4080 329 4119 ad
345 4080 439 4120 eosdem
455 4080 495 4128 qul
512 4079 625 4119 miserunt
641 4079 682 4119 02.

304 4230 331 4293 1)
346 4245 371 4279 a.
384 4228 470 4289 11ai,·
489 4229 535 4280 sed
553 4227 726 4282 Theodericus
747 4247 772 4280 c.
791 4229 870 4282 1198.
884 4232 992 4291 electum
1010 4247 1036 4282 o.
1050 4230 1121 4281 Aac.
1136 4230 1269 4298 Epmuud.
1280 4231 1333 4286 SS.
1344 4234 1427 4299 XVI,

299 4319 327 4367 p.
345 4301 407 4352 471.
421 4302 484 4353 473.
539 4301 794 4366 2)Quocla.1197.
807 4305 864 4370 fiac
877 4304 983 4368 factum
999 4319 1062 4368 csse,
1082 4303 1209 4370 opinatur
1230 4305 1425 4373 Wakclmanrr,

301 4373 418 4440 ‘Philipp
438 4375 495 4426 und
518 4371 574 4425 Ouo
594 4373 656 4440 IV',
682 4376 737 4429 Vol.
758 4377 783 4442 I,
797 4394 829 4444 p.
850 4379 894 4428 57.
