2924 5006
293 385 345 438 192
393 386 580 439 onnoulcn
600 385 712 438 13qu
732 385 983 439 codomanus.
1004 385 1162 439 cortun.
1179 384 1302 437 A.1214.

291 553 482 637 solimitano,
502 575 629 620 crucem
647 553 768 620 Christi
788 575 847 640 per
860 554 1044 620 universam
1058 562 1177 619 terram
1195 553 1351 641 predicari
1375 562 1412 618 et

315 638 446 725 opulum
477 639 520 704 ad
551 638 789 724 expeditionem
817 637 928 704 Sancti
957 636 1125 724 Sepulchri
1158 637 1277 703 hortari
1307 637 1409 707 iubet.

290 661 354 788 hui
375 725 479 809 primo
509 722 640 809 quidem
668 723 775 810 pauci,
804 732 917 808 postea
937 743 1013 788 vero
1039 721 1287 804 innumerabiles
1310 722 1410 789 obau-

291 805 424 892 dientes,
445 809 564 894 signati
578 815 661 871 sunt.
745 807 842 893 Ipso·
856 815 999 893 tempore
1011 807 1088 873 Otto
1102 808 1275 893 imperator
1288 816 1410 871 terram

291 893 416 957 comitis
437 891 478 956 de
500 890 596 958 Gelre
617 892 691 977 igne
714 889 862 957 devastat
874 903 895 974 ¹;
921 901 996 978 post
1016 890 1075 956 hec
1096 890 1195 955 filiam
1217 892 1308 956 ducis
1330 891 1411 955 Bra·

290 974 399 1041 bantie
422 976 478 1041 diu
506 975 569 1041 sibi
591 975 819 1061 desponsatam
845 975 970 1062 accepit
990 997 1134 1042 uxorem.
1176 977 1255 1041 Post
1279 974 1341 1040 heo
1365 973 1412 1040 ad

195 1084 251 1136 aa.
261 1086 281 1124 1.
290 1061 421 1125 vincula
442 1062 544 1126 sancti
565 1061 671 1126 Petri²
696 1059 773 1127 Otto
801 1059 983 1145 imperator,
1005 1058 1269 1124 Pharamundns³
1299 1080 1411 1124 comes

291 1143 442 1210 Flandrie
464 1165 537 1208 oum
560 1146 705 1210 exercitu
726 1144 858 1230 copioso
872 1143 966 1209 iuxta
977 1143 1159 1208 'fornacum
1181 1152 1292 1208 contra
1306 1142 1410 1207 filium

290 1229 376 1311 regie
397 1228 554 1293 Francie⁴
580 1226 718 1314 prelium
746 1229 989 1310 committentes,
1023 1250 1097 1293 eum
1118 1229 1204 1294 utrin
1228 1251 1269 1294 ue
1289 1229 1410 1292 acriter

292 1311 507 1394 dimicaretur,
544 1334 652 1378 comes
680 1311 896 1392 Flandrensis‚
940 1333 1048 1378 comes
1080 1312 1120 1378 de
1149 1251 1410 1397 Thilxenlinhurg

292 1417 366 1460 cum
389 1394 495 1461 multis
516 1395 588 1461 aliis
611 1397 790 1483 capiuntur,
816 1394 909 1462 multi
931 1397 1129 1479 occiduntur,
1159 1400 1229 1483 ipse
1250 1418 1328 1462 vero
1350 1397 1409 1460 im·

176 1490 419 1628 ³⁹⁹·¹⁵·}³l3t⁰l
453 1480 620 1546 inhoneste
655 1503 811 1630 reversupi
841 1490 922 1630 esbtili
983 1483 1272 1630 l11111tffialppu111pppne
1304 1481 1411 1580 Mario

319 1586 347 1629 n
371 1585 475 1629 encus
511 1587 570 1630 rex
606 1586 680 1629 cum
716 1587 786 1630 mes
813 1587 865 1628 ma
949 1588 981 1629 m
1100 1588 1152 1630 rne
1223 1587 1411 1630 amannram

289 1649 463 1735 ingressus,
496 1647 629 1714 Mosella
660 1650 803 1732 traiecta,
838 1651 872 1713 in
902 1650 1039 1714 confinio
1070 1649 1242 1716 Meinevelt
1270 1650 1411 1715 tentoria

289 1733 439 1798 fixerunt
482 1733 549 1798 Ubi
572 1732 754 1799 Walravius
784 1755 891 1798 comes
913 1733 1113 1818 Iuliacensis,
1140 1733 1275 1798 Adolfus
1299 1755 1410 1798 comes

290 1816 330 1882 de
351 1818 472 1892 Monte,
494 1818 667 1883 Heinrious
695 1839 803 1882 comes
831 1819 871 1882 de
894 1817 988 1884 Seine
1017 1840 1091 1883 oum
1118 1840 1156 1884 eo
1185 1840 1300 1905 paoem
1323 1839 1410 1882 com·

289 1913 475 1988 posuerunt,
502 1903 548 1968 ita
576 1912 613 1968 ut
637 1903 702 1988 ipsi
731 1925 806 1968 eum
832 1901 867 1965 in
892 1899 979 1966 nullo
1006 1901 1157 1986 lederent,
1191 1913 1223 1968 et
1250 1903 1322 1989 ipse
1349 1923 1410 1988 per

289 1994 407 2050 terram
439 2006 550 2050 eorum
582 1987 715 2072 pacifice
744 1988 902 2069 transiret,
931 1985 1011 2050 nihil
1036 1987 1097 2051 nisi
1123 1995 1300 2051 mercatum
1333 2007 1410 2050 con-

223 2151 226 2157 Ι
290 2068 389 2156 digna
409 2069 556 2135 mercede
583 2071 758 2156 recipiens3
788 2092 851 2156 que
878 2092 944 2157 pax
970 2073 1077 2136 statim
1104 2094 1143 2136 ru
1167 2082 1200 2136 ta
1221 2080 1278 2135 est
1323 2069 1410 2135 Nam

290 2153 358 2218 dux
378 2154 526 2218 Baioarie
547 2176 606 2240 pro
629 2154 769 2240 quadam
792 2156 1009 2220 controversia
1038 2093 1181 2220 sedanda
1206 2154 1410 2240 aliquantum

288 2237 330 2303 ab
351 2239 497 2303 exercitu
518 2249 732 2325 sequestratus
755 2240 890 2324 capitur.
934 2239 1005 2303 Rex
1019 2261 1097 2304 vero
1120 2238 1202 2304 ultra
1216 2260 1409 2326 progressus

288 2320 423 2386 fluvium
445 2323 569 2387 Masam
592 2323 725 2405 transiit,
754 2332 871 2387 terram
894 2322 985 2387 ducis
1007 2323 1182 2389 Brabantie
1202 2323 1323 2390 intrare
1346 2322 1409 2388 dis-

289 2406 411 2493 posuit;
440 2405 499 2472 sed
520 2407 588 2471 dux
610 2408 679 2472 eius
699 2406 840 2473 adventu
861 2408 998 2489 territus,
1021 2409 1051 2473 ei
1079 2407 1233 2494 pacificus
1256 2409 1409 2490 occurrit,

289 2513 401 2577 paoem
424 2492 571 2577 quesivit,
598 2514 693 2578 quem
709 2514 769 2555 rex
782 2491 839 2556 tali
861 2490 1041 2556 conditione
1062 2493 1096 2555 in
1112 2492 1252 2640 <pretinm
1273 2493 1408 2578 recepit,

291 2574 378 2662 quod
399 2576 470 2661 ipse
492 2574 561 2640 dux
582 2578 651 2661 regi
672 2575 855 2642 fidelitatem
884 2575 1011 2658 faceret,
1041 2576 1111 2641 obsi
1135 2599 1169 2641 es
1191 2575 1291 2659 daret,
1321 2576 1410 2662 quod

290 2660 325 2722 in
346 2659 494 2724 omnibus
521 2661 552 2725 ei
579 2658 683 2725 fidelis
710 2662 862 2725 existeret
890 2670 921 2724 et
949 2669 1061 2725 contra
1089 2681 1215 2726 omnem
1243 2659 1408 2725 hominem

175 2771 231 2821 naq.
244 2771 279 2810 aa.
290 2743 320 2807 ei
341 2742 478 2809 fideliter
504 2745 666 2809 assisteret
674 2756 697 2808 ⁵.
780 2744 819 2808 In
849 2743 1059 2810 decollatione
1085 2743 1238 2810 Iohannis
1266 2744 1409 2830 baptiste

290 2828 324 2890 in
351 2828 487 2892 confinio
518 2827 719 2893 Confluentie
746 2838 820 2894 ante
848 2827 1024 2908 diluculum
1054 2838 1241 2894 terremotus
1268 2851 1409 2913 magnus

290 2910 396 2976 factus
418 2920 475 2977 est.
560 2912 620 2977 Est
641 2913 841 2998 inpartibus
870 2912 1013 2978 occiduis
1042 2935 1138 2998 super
1159 2912 1293 2977 fluvium
1315 2913 1410 2978 Maso

290 2993 367 3060 villa
401 2997 530 3062 nomine
565 2993 693 3076 Riobe,
728 3018 826 3082 penes
863 3020 897 3062 se
933 2997 1076 3062 eiusdem
1111 2997 1248 3062 nominis
1284 2995 1409 3064 habens

188 3103 246 3155 sape.
258 3089 447 3163 acastrum3
470 3079 527 3144 ubi
549 3102 623 3145 cum
638 3082 725 3146 eirca
745 3081 944 3147 nativitatem
965 3091 1072 3147 sancte
1087 3081 1188 3146 Mario
1211 3104 1252 3146 ex
1273 3083 1409 3169 antiqua

290 3164 521 3229 consuetudine
552 3165 651 3230 totius
683 3165 796 3251 populi
821 3165 1007 3254 'frequentia
1037 3188 1209 3252 rerumque
1243 3165 1410 3231 venalium

289 3246 508 3314 habrmdantia
525 3271 614 3314 more
628 3249 754 3335 vulgari
768 3249 910 3316 nundine
931 3249 1146 3337 sollempniter
1161 3248 1408 3328 celebrarentur,

290 3334 433 3418 contigit,
446 3333 606 3420 quendam
617 3336 805 3421 magistrum
814 3333 1101 3400 Xantensemloha
1115 3357 1212 3400 nnem
1222 3335 1408 3424 nomin]el·⁸

289 3414 447 3502 legatione
481 3417 587 3482 crucis
617 3419 763 3485 functum
794 3416 1040 3508 [adventalssel.
1120 3440 1162 3484 uo
1189 3421 1271 3484 inter
1300 3419 1408 3505 predi·

290 3500 429 3565 candum
450 3501 492 3565 ad
515 3502 687 3567 sumendas
710 3523 820 3568 cruces
849 3503 1002 3568 intentius
1029 3502 1184 3589 populum
1206 3501 1407 3586 adhortante,

289 3583 441 3671 nulloque
456 3607 538 3672 pene
549 3587 656 3652 verbis
673 3586 864 3653 salutaribus
879 3608 989 3652 aurem
1004 3587 1276 3668 accommodante,
1300 3596 1408 3654 tactus

290 3667 399 3734 dolore
421 3669 528 3734 cordis
549 3670 751 3752 intrinsecus,
778 3693 819 3736 ne
840 3670 933 3736 heus!
963 3671 997 3733 in
1018 3693 1158 3737 vacuum
1181 3672 1405 3754 cucurrisset0,

289 3761 392 3819 totum
420 3761 582 3820 semente
604 3775 641 3818 ao
663 3755 777 3854 spiritu
803 3755 845 3820 ad
866 3755 975 3820 Deum
1004 3757 1189 3840 extendens,
1222 3777 1264 3820 ex
1284 3756 1407 3821 intimis

289 3837 465 3923 precordiis
502 3837 643 3903 divinam
678 3838 871 3924 implorabat
905 3840 1174 3905 misericordiam:
1217 3861 1290 3904 eum
1329 3861 1406 3906 eece

290 4018 312 4072 a)
329 4021 390 4063 Leno
406 4020 453 4062 Aa.
514 4017 539 4071 b)
549 4020 646 4071 flaturae
660 4021 753 4062 chartae.
816 4018 837 4072 c)
854 4025 956 4062 curreret
971 4024 1012 4062 aut
1027 4021 1164 4062 cucurrisset
1180 4021 1226 4062 Aa.

292 4187 320 4252 1)
337 4187 377 4254 by.
390 4188 498 4242 Balacri
507 4187 578 4244 dnn.
593 4208 623 4257 p.
639 4191 702 4244 671.
772 4190 801 4255 2)
821 4189 929 4244 Rectius
947 4192 975 4242 d.
990 4191 1034 4243 27.
1045 4191 1120 4242 Iulii.
1186 4189 1215 4256 3)
1235 4189 1402 4242 Ferrondua.

289 4260 319 4328 4)
339 4261 422 4314 Immo
440 4262 529 4328 ipram
546 4281 642 4333 regem.
717 4264 745 4330 5)
763 4263 837 4326 Quae
848 4263 1003 4318 Fridericns
1022 4264 1086 4316 duci
1105 4262 1236 4328 manserit,
1255 4261 1402 4329 diplomata

290 4335 437 4464 ggpdpp}
450 4337 670 4463 {cpllgb'dutm
695 4338 817 4400 Bthmen
844 4337 907 4407 Ray.
932 4356 976 4390 nr.
996 4339 1040 4390 90.
1061 4339 1105 4390 91.
1181 4337 1208 4401 6)
1228 4336 1270 4390 Dr
1296 4336 1400 4404 quaes·
