2970 4996
272 360 306 409 ⁷4
463 355 650 409 cultorum
670 353 782 407 suem
801 351 1045 406 COLONIENSIS
1065 353 1099 404 A.
1123 351 1202 404 113⁷.

643 527 813 580 Beocosc'o
833 527 857 578 Ι.
877 527 971 578 codd.
992 525 1025 579 A.

273 597 451 664 Grecorum
473 597 515 662 ad
537 618 609 662 eum
632 594 801 682 magnifice
823 596 964 678 veniunt,
993 615 1072 680 quos
1094 595 1164 679 ipse
1186 591 1399 678 magnificen-

271 683 334 748 tius
356 683 499 767 suscepit
519 703 558 745 ac
579 681 710 745 remisit.

346 764 563 830 Adelbertus⁸
584 764 791 850 Mogontinus
813 762 1076 847 archiepiscopus
1100 760 1191 843 obiit3
1214 769 1289 846 post
1304 761 1397 825 cuius

274 849 417 916 obitumb
440 851 552 914 civitas
573 871 637 912 una
659 870 733 912 cum
755 845 926 934 principali
948 844 1077 930 templo,
1099 844 1162 910 heu
1194 843 1266 926 roh
1289 842 1395 908 dolor!

272 935 346 1020 igne
369 941 571 998 concremata
593 941 649 998 est.
724 930 869 997 Marchio
892 927 1116 1010 adelbertum,
1140 867 1273 993 colecta
1287 925 1398 992 valida

272 1040 383 1166 massui
401 1015 542 1103 hyemali
563 1027 707 1102 tempore
728 1026 847 1082 terram
863 1013 1051 1080 Sclavorum
1073 1011 1304 1098 predabundus
1327 1033 1399 1097 per-

272 1123 324 1165 am
350 1111 425 1166 uat.

350 1187 539 1271 Imperator,
561 1183 658 1248 rebus
678 1185 711 1247 in
726 1182 820 1248 Italia
835 1183 1029 1269 compositis,
1053 1203 1126 1245 oum
1141 1181 1205 1244 iam
1220 1181 1398 1265 repatriare
1482 1235 1483 1246 .

273 1269 424 1354 disponit,
448 1269 482 1332 in
502 1269 573 1353 ipso
595 1268 718 1351 itinere,
740 1277 806 1332 tam
834 1268 921 1332 senio
948 1287 1045 1352 quam
1071 1264 1255 1328 infirmitate
1282 1285 1399 1348 grava·

186 1362 334 1436 saltus,
357 1354 386 1418 2.
402 1353 511 1418 Nonas
527 1351 719 1416 Decembris
742 1352 830 1417 obiit.
864 1351 970 1414 Huius
991 1349 1076 1435 regis
1097 1359 1243 1432 tempora
1257 1347 1400 1412 iocunda
1481 1401 1483 1420 ,

273 1437 361 1502 fuere
367 1448 389 1499 ⁰.
432 1436 517 1500 Nam
537 1435 622 1500 bona
636 1437 718 1502 aeris
732 1435 899 1520 temperie,
922 1435 1092 1519 omnigena
1106 1443 1210 1498 terrae
1223 1431 1399 1514 fertilitate,

274 1529 405 1585 cuncter
483 1542 590 1584 rerum
613 1521 707 1605 copia
728 1541 794 1584 non
815 1518 919 1582 solum
965 1541 1000 1583 er
1021 1539 1166 1602 regnum,
1191 1525 1239 1580 set
1261 1525 1294 1581 et
1314 1538 1400 1602 pene

273 1627 331 1691 per
357 1614 460 1669 totum
489 1602 645 1667 mundum
674 1602 880 1668 exuberabat.
901 1541 995 1750 pllio
1022 1623 1102 1687 pace
1132 1599 1294 1681 affluebat,
1323 1622 1401 1664 con-

274 1688 384 1753 cordia
394 1710 428 1752 re
475 1687 559 1769 abat,
575 1686 802 1786 tranquillitate
813 1688 900 1773 impe
918 1687 1002 1768 abat,
1014 1684 1232 1750 moderatione
1243 1683 1399 1768 fulgebat.

273 1773 359 1840 Pace
385 1772 426 1838 be
450 1793 533 1858 oque
561 1770 754 1834 clarissimus
783 1780 859 1835 erat.
902 1771 1018 1836 Merito
1046 1791 1065 1834 a
1094 1769 1187 1834 nobis
1216 1769 1401 1854 nostrisque
1481 1791 1483 1848 .

274 1858 409 1955 posteris
428 1865 524 1955 pater
544 1856 667 1941 patriae
689 1853 875 1941 appellatur,
899 1856 976 1941 quia
997 1862 1065 1919 erat
1087 1853 1236 1951 egregius
1248 1851 1403 1916 defensor
1481 1911 1483 1932 ,

275 1950 306 2006 et
319 1941 509 2004 fort1ss1mus
524 1949 754 2025 propugnator,
776 1937 886 2002 mobili
901 1938 1045 2024 pendens
1065 1947 1166 2002 vitam
1182 1957 1271 2000 suam
1287 1945 1403 2001 contra

276 2025 383 2090 omnia
410 2025 546 2088 adversa
575 2032 706 2108 propter
734 2023 894 2086 iusticiam
921 2043 1094 2108 opponere.
1145 2020 1188 2086 Et
1213 2028 1249 2082 ut
1276 2020 1402 2104 magni-

275 2108 421 2172 ficentius
445 2106 486 2171 de
509 2128 547 2170 eo
570 2107 724 2188 dicamus,
747 2107 781 2170 in
803 2105 917 2170 diebus
940 2109 1008 2172 eius
1030 2103 1168 2190 populus
1190 2113 1293 2168 terrae
1312 2104 1401 2189 prin-

277 2192 381 2276 oipem
408 2200 512 2254 terrae
539 2213 603 2254 non
630 2191 796 2276 pertimuit
824 2211 883 2254 nec
912 2188 1124 2255 violentorum
1150 2186 1298 2252 manibus
1325 2186 1401 2252 sub-

274 2275 383 2338 iacuit.
425 2273 656 2360 Unusquisque
679 2275 763 2339 enim
786 2296 844 2338 sua
868 2272 1040 2338 liberaliter
1068 2271 1268 2357 pacificeque
1298 2270 1401 2357 possi-

276 2358 381 2423 debat.
425 2357 513 2443 Ergo
557 2380 593 2422 ro
617 2357 761 2444 pacificis
783 2379 859 2444 erga
880 2358 945 2421 Dei
968 2355 1135 2422 ecclesiam
1164 2356 1206 2421 ab
1235 2377 1272 2420 eo
1299 2355 1400 2439 gestis

277 2451 434 2528 optamus,
457 2452 492 2507 ut
544 2449 576 2505 ta
597 2463 678 2527 pace
707 2442 740 2504 in
763 2442 903 2506 Domino
932 2442 1076 2527 quiescat
1104 2450 1136 2505 et
1164 2449 1274 2505 eterna
1299 2438 1403 2504 beati·

616 2568 782 2620 Recensio
802 2568 843 2619 II.
863 2569 954 2620 codd.
976 2569 1010 2620 B.
1031 2566 1058 2620 0.

277 2643 368 2707 regiae
387 2657 416 2692 se
435 2643 562 2708 potestati
581 2641 701 2692 tradidit.
741 2643 845 2692 Exhinc
864 2645 1008 2708 imperator
1026 2645 1054 2692 in
1071 2641 1222 2692 Calabriam
1243 2639 1401 2703 ambulavit,

277 2716 334 2766 ubi
353 2714 458 2777 legatos
478 2716 622 2766 (trecorum
643 2716 777 2765 obviam
798 2716 926 2766 habuit.

351 2788 431 2853 Ipso
450 2793 605 2853 tempore
619 2784 780 2852 Mogontiad
800 2805 852 2838 uua
873 2805 932 2840 cum
952 2789 1096 2856 principali
1110 2785 1210 2854 templo
1230 2787 1313 2851 ignet
1328 2800 1401 2835 com-

276 2862 356 2912 busta
376 2866 425 2927 est.
840 2855 845 2864 '

350 2935 508 3001 Imperator,
527 2933 605 2984 rebus
624 2935 651 2983 in
671 2933 752 2984 Italia
772 2935 935 3000 compositis,
956 2950 1015 2985 cum
1034 2935 1088 2985 iam
1107 2934 1253 3003 repatriare
1274 2931 1402 2998 disponit,

276 3010 304 3058 in
323 3009 382 3074 ipso
400 3009 497 3058 itinere
516 3012 570 3056 tam
590 3009 664 3058 senio
684 3023 764 3074 quam
787 3007 940 3058 infirmitate
969 3013 1104 3072 gravatus,
1127 3006 1152 3056 2.
1172 3007 1262 3056 Nonas
1282 3005 1400 3054 Decem·

277 3091 331 3140 bris
351 3089 426 3150 obiit,
445 3091 485 3140 vir
505 3091 629 3156 egregius
649 3095 682 3140 et
702 3089 803 3155 digne
823 3095 900 3156 pater
918 3092 1003 3156 patrie
1017 3087 1208 3157 appellandus;
1228 3092 1292 3158 quo
1307 3071 1401 3135 ‹lece-

278 3155 372 3242 dente
401 3177 466 3242 pax
496 3165 527 3220 et
548 3153 759 3241 tranquillitas
790 3165 821 3220 et
848 3178 956 3220 rerum
985 3157 1094 3242 copia,
1124 3155 1206 3240 ques
1231 3176 1268 3220 eo
1297 3156 1401 3240 impa-

277 3250 367 3304 rante
395 3239 581 3324 vigebantss,
610 3238 763 3305 hactenus
793 3249 1007 3306 cessaverunt.
1061 3253 1163 3317 Corpus
1194 3253 1250 3302 eius
1279 3251 1400 3302 delatum

277 3334 305 3382 in
325 3333 447 3397 patriam,
474 3331 602 3397 sepelitur
627 3333 702 3398 regio
728 3345 802 3381 more
828 3333 856 3380 in
882 3331 1031 3382 hereditate
1056 3335 1176 3396 paterna,
1201 3325 1282 3380 loeoll
1309 3324 1400 3380 dictoi

277 3405 434 3456 Liutheron.
484 3401 603 3470 [natust
626 3407 699 3469 regis
724 3410 846 3470 tempora
868 3404 986 3456 iocunda
1009 3404 1091 3456 fuere.
1140 3403 1208 3454 Nam
1234 3403 1305 3452 bona
1328 3404 1400 3453 aeris

278 3478 416 3544 temperie,
437 3478 580 3542 omnigena
598 3482 668 3528 terre
687 3477 834 3540 fertilitate,
854 3483 1009 3529 cunctarum
1028 3493 1115 3528 rerum
1135 3478 1214 3544 copia
1238 3492 1291 3526 non
1311 3475 1400 3527 solum

279 3566 327 3618 per
345 3566 467 3616 regnum,
491 3550 540 3601 sad
567 3555 593 3600 et
617 3566 686 3616 pene
710 3567 758 3617 per
783 3557 868 3602 totum
891 3551 1017 3601 mundum
1041 3551 1213 3602 exuberabat.
1251 3549 1304 3598 Hic
1330 3563 1400 3614 pace

279 3623 414 3685 affluebat,
435 3621 579 3674 concordia
598 3624 738 3688 regnabat,
758 3623 951 3691 tranquillitate
970 3625 1128 3690 imperabat,
1147 3623 1332 3674 moderatione
1348 3621 1401 3673 iul·

279 3696 369 3760 gebat.
412 3695 485 3745 Pace
512 3695 638 3762 belloque
668 3697 831 3748 clarissimus
860 3703 925 3748 erat.
972 3697 1070 3748 Merito
1099 3713 1115 3746 a
1142 3697 1219 3748 nobis
1247 3695 1400 3760 nostrisque

279 3769 393 3835 posteris
412 3773 489 3834 pater
508 3771 593 3834 patrie
613 3769 771 3836 appellatur,
791 3773 854 3838 quia
874 3776 932 3822 erat
950 3771 1074 3836 egregius
1094 3769 1218 3821 defensor
1242 3773 1269 3819 et
1286 3769 1401 3819 fortissi-

280 3857 338 3892 mus
361 3847 549 3908 propugnator,
579 3842 671 3892 nichili
696 3844 816 3910 pendens
838 3846 921 3895 vitam
950 3860 1024 3894 suam
1055 3849 1149 3894 contra
1170 3843 1260 3894 omnia
1285 3841 1401 3892 adversa

279 3918 389 3982 propter
407 3916 541 3966 iusticiam
561 3931 704 3986 opponere.
742 3917 778 3968 Et
802 3923 833 3967 ut
857 3916 1071 3982 magnificentius
1098 3916 1131 3966 de
1158 3933 1189 3987 qo
1214 3915 1345 3975 dicamus,
1371 3915 1401 3964 in

281 3987 375 4057 diebus
395 3991 451 4038 cius
471 3987 585 4055 populus
610 3994 679 4040 terre
705 3992 852 4056 principem
878 3997 948 4042 terre
973 4006 1027 4040 non
1051 3991 1195 4056 pertimuit,
1221 4003 1272 4038 nec
1296 3987 1400 4038 violen-

280 4065 371 4182 toron}l
385 4062 506 4200 rpaqqibus
526 4063 670 4114 subiacuit.
708 4063 898 4130 Unusquisque
918 4065 988 4114 enim
1007 4079 1056 4114 sua
1072 4061 1220 4113 liberaliter
1231 4059 1400 4132 pacificeque

280 4149 353 4200 possr
374 4149 425 4184 ea
451 4169 458 4184 .

280 4239 304 4293 a)
328 4241 436 4283 hibertus
457 4242 510 4282 Ar.
599 4243 624 4297 b)
648 4245 672 4284 ia
694 4256 762 4296 marr.
783 4247 857 4295 prima
876 4257 936 4290 maa.
956 4246 1027 4295 suppl.
1052 4245 1103 4285 Al.
1194 4242 1215 4296 c)
1238 4245 1317 4284 tuerae
1340 4253 1400 4284 corr.

280 4300 411 4342 iueredl.
442 4315 471 4338 =
501 4299 718 4352 dliltogunttat'l.
780 4303 1003 4357 eldeestBl.Ott.
1064 4301 1265 4356 QqutBl.Ot.
1327 4300 1401 4354 mvi-

281 4359 351 4408 gebat
366 4359 411 4401 02.
472 4359 495 4413 h)
512 4362 537 4400 tn
551 4361 603 4402 loco
621 4362 664 4403 Οἳ.
725 4361 742 4410 i)
757 4364 798 4413 qul
813 4363 897 4404 dicitur
913 4363 963 4404 Bl.
980 4363 1023 4403 02.
1085 4360 1110 4414 k)
1126 4363 1177 4402 haee
1191 4362 1234 4403 clu.
1252 4361 1295 4402 01.
