2924 5006
279 375 332 427 202
380 371 565 426 cnsoslcs
583 370 695 424 nacla
715 369 966 423 COLONIENSIS.
987 371 1088 424 ΟΟΝΤ.
1108 372 1161 423 111.
1179 372 1213 424 A.
1234 371 1317 422 1203.

650 544 813 597 Recensio
834 544 858 597 Ι.
877 544 971 596 codd.
992 543 1021 597 0.

281 632 365 700 sedis
387 630 522 696 ecclesie
543 630 687 696 Romane
708 629 824 730 legato.
866 631 918 696 Ibi
940 631 1037 695 etiam
1063 629 1263 719 lantgravius
1286 630 1408 696 Ottoni

279 719 350 802 regi
369 716 565 797 fidelitatem,
588 735 684 863 {uam
705 713 831 800 pridem
852 714 980 797 fecerat,
1002 716 1129 780 iteravit
1142 725 1174 780 et
1187 714 1408 796 confirmavit,

280 802 481 890 presentibus
503 799 591 864 omni
613 821 650 863 us
673 800 729 884 qui
750 809 827 863 tuno
848 798 980 864 aderant
1022 798 1208 885 rincipibus.

362 886 440 971 Ipso
455 906 538 948 anno
549 893 694 948 mortuus
710 894 757 948 est
771 883 988 948 Herimannus
1039 885 1262 948 onasteriensis
1276 882 1408 968 episco-

279 993 350 1056 pus,
363 978 395 1034 et
404 969 488 1033 facta
498 976 566 1032 est⁸
576 967 732 1034 dissensio
744 988 802 1052 pro
810 966 979 1049 electione3
992 990 1065 1033 nam
1104 969 1203 1032 riores
1214 977 1246 1032 et
1257 967 1408 1032 ministe·

280 1052 373 1118 riales
395 1051 558 1138 elegerunt
573 1051 738 1134 Ottonem,
759 1052 888 1116 maioris
908 1051 1061 1118 ecclesiae
1078 990 1260 1118 bremensis
1283 1072 1408 1138 prepo-

282 1138 389 1220 situm,
412 1137 544 1201 comites
565 1147 671 1201 autem
687 1145 719 1201 et
739 1136 831 1201 liberi
849 1136 991 1223 ipsisque
1006 1137 1175 1203 attinentes
1190 1136 1346 1201 abbatem
1361 1134 1406 1199 de

281 1219 404 1286 Olaolt¹
427 1219 600 1306 elegerunt
630 1219 714 1286 (lum
734 1229 842 1285 autem
859 1222 893 1285 id
911 1222 1011 1307 sopiri
1032 1243 1098 1286 non
1116 1231 1234 1308 posset,
1256 1217 1404 1306 appella·

279 1314 394 1370 verunt
403 1303 571 1370 Coloniam
578 1303 621 1368 ad
628 1303 823 1369 audientiam
832 1305 1013 1386 cardinalis,
1026 1315 1062 1370 ut
1074 1307 1142 1371 eius
1154 1304 1273 1370 iudicio
1284 1326 1406 1369 eorum

280 1411 377 1454 eausa
398 1389 628 1454 terminaretur.
671 1389 791 1454 Habito
813 1388 825 1452 i
848 1390 912 1454 itur
927 1389 1077 1454 conflictu
1090 1391 1123 1453 in
1139 1389 1274 1454 ecclesia
1294 1389 1405 1452 sancti

280 1472 493 1556 Pantaleonis,
514 1471 570 1536 ubi
591 1482 668 1537 tunc
691 1411 861 1538 cardinads
883 1484 952 1538 erat
973 1484 1005 1538 et
1025 1473 1225 1560 archiepisco
1249 1495 1287 1537 us
1303 1471 1404 1537 Colo

280 1558 400 1622 niensis
414 1556 548 1623 etmulti
562 1558 724 1644 principes
740 1560 986 1640 convenerantl,
1006 1558 1130 1623 scilicet
1151 1558 1220 1622 dux
1261 1557 1404 1622 ovanie⁰

281 1652 312 1708 et
332 1640 469 1706 Adolfus
497 1663 604 1707 comes
630 1641 670 1706 de
698 1640 942 1708 Scohuinburch
968 1664 1094 1708 necnon
1121 1641 1315 1728 episcopusll
1339 1639 1403 1706 Os-

281 1726 541 1812 naburgensism
571 1736 602 1791 ct
623 1725 677 1789 alii
698 1727 863 1813 principes
886 1727 1121 1812 quamplures,
1150 1724 1402 1811 allegationibus

281 1810 399 1876 habitis
413 1812 574 1895 utrimque
581 1809 601 1892 f,
623 1831 697 1873 cum
711 1811 875 1875 terminari
888 1812 995 1898 ipsum
1016 1812 1181 1897 negotium
1198 1833 1263 1875 non
1277 1819 1400 1896 posset,

281 1894 524 1981 appellaverunt
543 1893 585 1958 ad
607 1893 802 1962 audientiam
823 1896 939 1960 summi
954 1896 1113 1981 pontificis
1133 1893 1189 1958 tali
1204 1893 1316 1977 modo,
1339 1903 1403 1957 ute

281 1988 394 2043 neuter
415 2000 525 2042 eorum
554 1979 588 2042 in
616 2000 666 2042 res
693 1989 724 2043 et
746 1978 831 2044 bona
857 1980 1014 2066 episcopii
1043 2000 1156 2044 manus
1183 1980 1338 2062 mitteret;
1365 1980 1401 2042 in

283 2085 345 2148 quo
368 2071 525 2128 conventu
546 2063 838 2127 excommunicavit
864 2062 1033 2128 cardinalis
1055 2064 1242 2149 episcopum
1263 2063 1401 2149 Magad-

282 2146 523 2232 burgensem-³
557 2155 590 2210 et
610 2146 817 2211 Bremensem
826 2158 849 2229 ⁴,
878 2169 916 2212 eo
967 2147 1031 2212 uod
1059 2148 1217 2213 contraria
1244 2148 1402 2213 sentirent

281 2232 350 2317 regi
373 2229 485 2295 Ottoni
507 2240 616 2294 contra
659 2241 823 2316 receptum
845 2170 1021 2316 apostblici.

366 2314 490 2380 Eodem
519 2336 603 2378 anno
633 2253 958 2401 donstandnopolim,
986 2339 1007 2380 a
1033 2315 1242 2382 Constantino
1271 2316 1396 2400 Magno

282 2408 465 2463 constructa
486 2399 533 2462 eti
557 2421 683 2484 semper
705 2399 929 2484 insuperabilis
943 2401 1093 2483 existens,
1114 2402 1269 2549 capitum.
1313 2400 1399 2466 Con-

283 2483 440 2547 stantinus
462 2483 546 2546 enim
574 2483 749 2569 imperator
778 2484 940 2569 quondam
962 2506 981 2548 a
1002 2485 1095 2550 beato
1119 2484 1153 2550 Si
1166 2495 1270 2550 vestro
1292 2486 1337 2549 ba
1359 2486 1398 2549 ti-

282 2575 382 2648 zatus,
404 2566 540 2630 Romam
567 2588 641 2631 cum
668 2576 735 2633 tota
755 2566 848 2632 Italia
874 2571 969 2634 beato
988 2570 1084 2634 Petro
1105 2579 1138 2634 et
1159 2508 1398 2635 successoribus

283 2651 352 2714 eius
379 2649 530 2714 tradidit⁰
559 2661 591 2717 et
618 2651 651 2715 in
673 2650 791 2716 Gracia
824 2651 937 2718 urbem
968 2654 1107 2718 nominis
1137 2654 1186 2718 sui
1215 2653 1397 2719 Constanti-

282 2732 424 2882 nopolim
458 2735 631 2817 constituit,
668 2757 730 2834 que
760 2736 850 2822 prius
876 2737 1058 2801 Binantium
1093 2738 1268 2820 dicebatur,
1299 2760 1396 2824 quam

283 2841 317 2882 se
341 2840 392 2882 em
413 2818 550 2882 Romani
571 2820 698 2904 imperii
719 2829 751 2884 et
773 2821 878 2907 capud
900 2823 997 2886 tetius
1025 2820 1164 2888 Orientis
1192 2844 1260 2886 esse
1281 2821 1395 2888 veluit.

284 2901 490 2967 Successores
506 2903 623 2967 etiaml
644 2905 712 2968 eius
734 2905 941 2990 imperatores
963 2905 1112 2972 edificiis¹
1128 2906 1306 2993 magnificis
1326 2906 1395 2992 plu-

281 2985 370 3050 ribus
392 2996 423 3051 et
443 2987 563 3052 divitiis
586 3009 656 3052 eam
678 2986 836 3074 replentes
864 2999 1065 3072 ornaverunt,
1095 2990 1244 3077 reliquias
1267 3011 1396 3076 quoque

634 3132 801 3185 Recensio
825 3133 867 3185 ΙΙ.
894 3136 985 3188 codd.
1012 3136 1045 3188 B.

279 3246 371 3297 regem
393 3230 572 3295 sollempniter
595 3237 773 3288 consecratur.
824 3233 920 3284 Ibi-
942 3264 975 3274 -
997 3235 1143 3302 elegerunt.
1194 3221 1289 3287 Unde
1321 3244 1393 3286 eon·

279 3302 368 3366 tinuo
380 3301 585 3387 episcopatus
596 3302 731 3369 diversis
743 3301 977 3370 calamitatibus
986 3317 1018 3370 et
1028 3307 1163 3372 miseriis
1174 3309 1394 3393 pessundatur.

364 3392 468 3443 Eodem
488 3395 590 3444 etiam
610 3406 680 3446 anno
695 3395 961 3462 Constantinopolim,
982 3413 998 3448 a
1018 3398 1192 3450 Constantino
1211 3398 1311 3464 Magno
1332 3415 1392 3450 con·

280 3470 391 3527 structa,
409 3467 584 3518 invaditur
603 3474 630 3519 et
649 3471 760 3535 eapitur.
790 3471 979 3522 Constantinus
993 3475 1063 3523 enim
1076 3474 1219 3538 imperator
1232 3471 1394 3538 quondama

280 3539 359 3589 beato
378 3538 507 3590 Silvestre
527 3542 686 3610 baptizatus,
706 3543 818 3593 Romam
839 3559 898 3593 cum
917 3550 974 3595 tota
987 3545 1076 3596 Ytalia
1095 3547 1174 3598 beato
1187 3547 1266 3597 Petro
1287 3552 1316 3597 et
1334 3562 1391 3597 sne·

281 3611 430 3663 sessoribus
457 3614 513 3663 eius
537 3615 648 3666 tradidit
673 3621 699 3665 et
719 3617 748 3665 in
768 3615 866 3667 Grecis
889 3618 980 3668 urbem
1005 3620 1119 3670 nominis
1143 3622 1185 3670 sui
1205 3619 1390 3670 Constantino·

279 3684 361 3750 polim
388 3686 530 3744 constituit,
557 3704 608 3753 que
634 3690 706 3755 prius
727 3691 877 3740 Bizantium
897 3690 1045 3754 dicebatur,
1070 3707 1149 3757 quam
1168 3693 1260 3744 sedem
1279 3693 1391 3743 Romani

279 3758 384 3824 imperii
405 3763 432 3808 et
451 3760 537 3824 capud
554 3764 640 3812 tocius
660 3761 776 3813 Orientis
789 3779 848 3833 esse
867 3763 960 3814 voluit.
981 3765 1059 3814 Hane
1074 3766 1154 3816 etiarn
1175 3767 1275 3816 divitiis
1286 3766 1390 3833 replens

281 3837 308 3880 et
319 3830 433 3882 edificiis
446 3848 550 3891 ornans¹
566 3834 692 3900 reliquias
713 3841 863 3886 sanctorum
878 3837 1056 3903 apostolorum
1071 3843 1097 3889 et
1110 3839 1221 3890 aliorum
1241 3847 1390 3892 sanctorum

281 3919 313 3954 ex
333 3903 444 3956 diversis
464 3907 554 3956 mundi
571 3909 689 3973 partibus
710 3909 838 3961 collectas
856 3909 913 3960 illic
932 3914 1058 3977 reposuit.

280 4012 303 4063 a)
319 4013 375 4052 deest
391 4015 431 4054 01.
499 4015 523 4066 b)
540 4019 678 4058 conveniant
695 4019 738 4059 01.
790 4020 946 4073 c)Lovanuie
963 4023 1004 4061 01.
1073 4021 1096 4074 d)
1110 4025 1165 4064 deest
1181 4023 1225 4065 02.
1282 4022 1304 4074 e)
1322 4024 1390 4064 Osna·

279 4065 416 4121 brbkgensls
433 4072 475 4117 01.
507 4072 526 4126 f)
542 4079 662 4127 utrumqne
680 4077 729 4119 01?
746 4078 776 4118 Ἡ
807 4077 830 4130 g)
844 4085 893 4129 poet
908 4081 978 4130 suppl.
997 4083 1039 4123 02.
1077 4081 1331 4134 bramburgensem
1349 4083 1390 4124 01.

279 4129 441 4180 l)deeat01?
499 4133 562 4186 k)et
578 4137 619 4177 02.
679 4137 697 4189 l)
713 4139 769 4178 deest
785 4139 827 4179 02.

282 4225 310 4293 1)
330 4225 450 4281 Klobolz.
501 4229 530 4296 2)
550 4231 714 4286 Gerlordua.
762 4233 791 4300 3)
810 4234 965 4302 liudolfum.
1004 4237 1033 4303 4)
1052 4235 1225 4289 Herculeum
1270 4234 1299 4301 ὅ)
1317 4237 1391 4290 Haec

281 4300 318 4351 od
338 4317 363 4353 a.
378 4302 457 4354 1204.
466 4306 608 4370 pertinere,
627 4307 692 4359 eolis
712 4315 821 4372 coastat,
841 4312 888 4363 aed
907 4318 968 4362 oute
982 4309 1087 4376 paseha
1098 4315 1171 4376 poeto
1184 4315 1253 4362 aaut.
1292 4309 1321 4379 6)
1332 4309 1388 4362 Pri·

280 4372 402 4442 oilepium
413 4377 518 4443 falsum
538 4378 658 4433 chronico
676 4381 789 4436 'inseruit
806 4385 950 4438 moenalus
970 4381 998 4434 S.
1019 4382 1203 4447 Pmstaleouie3
1222 4401 1305 4452 supro
1318 4401 1349 4450 p.
1364 4386 1387 4438 6.
