2934 4998
282 387 335 438 268
373 387 1375 442 CHRONIOAREGIACOLONIENSIS.CONT.1V.A.1235.1236.
1445 343 1447 356 l

281 578 376 620 snum
398 577 544 620 socerum
574 553 706 620 militem
736 577 801 620 non
830 578 910 620 esse.
994 556 1122 622 Ibidem
1151 557 1263 620 nuncii
1295 556 1402 638 regine

281 641 469 727 Hyspanie‘¹
494 639 662 723 affuerunt,
691 641 746 726 qui
767 639 997 726 pulcherrimos
1020 640 1200 706 dextrarios
1222 650 1257 705 et
1280 661 1338 702 ma
1382 639 1402 688 ’-

281 726 344 789 fica
375 746 509 788 munera
541 724 643 786 cesari
671 726 855 789 attulerunt.
898 724 967 790 Nec
995 724 1118 789 multoa
1149 735 1224 811 post
1257 724 1333 788 eius
1357 745 1404 786 em

280 811 392 894 regine
413 830 499 872 mors
515 817 563 873 est
576 809 728 873 nunciata
748 810 973 895 imperatori²;
995 809 1081 873 unde
1095 808 1275 894 plurimum
1293 807 1405 888 doluit,

282 896 358 980 quia
379 893 531 979 patruelis
554 893 621 957 eius
643 893 712 957 fuit.

364 978 441 1063 Ipso
463 998 548 1041 anno
569 985 643 1062 post
656 977 778 1062 pascha
792 978 926 1042 Domini
940 986 1005 1042 tres
1023 976 1135 1041 circuli
1149 977 1299 1062 argentei
1324 977 1407 1038 cirea

281 1060 381 1128 solem
403 1063 547 1126 inmense
563 1063 749 1159 quantitatis
763 1072 989 1147 apparuerimt,
1013 1083 1149 1147 quorum
1163 1063 1293 1148 primus
1309 1058 1407 1124 alium

281 1145 468 1212 includebat
495 1155 743 1231 contingentem,
777 1147 895 1210 tercius
927 1157 1034 1210 autem
1063 1148 1143 1210 duos
1175 1143 1406 1224 intersecabat,

280 1232 437 1295 transiens
469 1253 529 1315 per
560 1251 599 1294 co
640 1254 678 1295 us
710 1230 821 1295 solare.
879 1231 945 1311 Qui
978 1229 1089 1294 circuli
1120 1227 1196 1295 licet
1227 1233 1248 1293 a
1284 1226 1406 1328 populo

281 1324 434 1400 putentur
455 1337 525 1380 esse
554 1336 613 1399 pro
639 1317 748 1401 'gium,
777 1325 886 1380 tamen
914 1337 1024 1379 eorum
1054 1336 1151 1379 causa
1172 1313 1213 1379 ab
1235 1310 1406 1377 Anstotile

282 1407 315 1464 et
336 1399 461 1464 Seneca
481 1401 516 1462 in
536 1399 688 1464 Meteoris
711 1409 758 1464 est
781 1421 943 1514 expressa.

301 1567 324 1633 b
365 1483 491 1548 Eodem
528 1506 656 1570 quoque
695 1506 780 1549 anno
817 1482 1112 1569 bonstantinopolis
1144 1505 1164 1546 a
1197 1481 1318 1547 Grecis
1360 1487 1406 1545 est

283 1589 301 1630 o
327 1589 423 1632 sessa.

649 1670 766 1733 Annol’
787 1670 921 1734 Domini
944 1669 1036 1735 1236.
1129 1719 1132 1723 -

365 1753 553 1837 Imperator,
586 1763 729 1818 moturus
749 1753 869 1818 bellum
891 1754 1113 1840 Longobardis
1135 1751 1197 1817 sibi
1217 1750 1404 1832 rebellibus,

281 1838 436 1922 premittit
463 1839 653 1923 quingentos
681 1837 795 1902 milites
818 1841 997 1904 mensurnis
1019 1837 1186 1925 stipendiis
1207 1837 1404 1916 conductos3

304 1922 398 1986 uibus
413 1921 555 2070 dpreficit
586 1921 726 1986 nobilem
753 1924 858 1987 virum
891 1933 923 1988 et
950 1923 1046 1988 rebus
1079 1921 1203 1987 bellicis
1231 1929 1403 2006 expertum

283 1944 411 2072 deveat
435 2019 512 2070 um⁰
544 2007 585 2071 de
610 2007 853 2086 Hamestends,
886 2018 922 2072 ut
948 2008 1035 2093 apud
1059 2007 1223 2071 Veronam
1252 2009 1405 2092 expectet

283 2092 486 2177 imperatoris
519 2093 696 2156 exereitum
725 2091 984 2177 subsequentem.
1068 2092 1250 2177 Imperator
1282 2092 1404 2154 interea

283 2175 449 2240 descendit
463 2197 565 2261 usque
580 2177 614 2238 in
630 2187 771 2241 casuum
786 2177 909 2240 dictum
923 2175 1106 2257 Morburoh,
1128 2175 1184 2240 ubi
1198 2176 1232 2238 in
1245 2171 1403 2238 Kalendis

283 2259 368 2324 Maio
395 2259 637 2324 innumerabilis
666 2259 779 2346 populi
800 2261 892 2325 affuit
917 2259 1097 2325 multitude.
1141 2259 1224 2324 Nam
1251 2281 1271 2322 a
1295 2256 1401 2322 multis

284 2343 495 2431 prudentibus
532 2343 704 2408 duodecies
737 2354 863 2408 centum
895 2343 984 2408 milia
1021 2345 1186 2408 hominum
1226 2340 1401 2430 promiscui

285 2451 381 2493 sexus
404 2430 552 2493 estimata
573 2438 648 2492 sunt
670 2430 858 2493 convenisse
887 2430 928 2493 ad
955 2430 1143 2492 memoriam
1173 2437 1281 2492 sancte
1306 2425 1401 2491 vidue

285 2511 476 2595 Elisabethf,
506 2514 597 2577 cuins
619 2511 822 2597 glorificum&
844 2534 961 2598 corpus
983 2512 1025 2578 ad
1047 2533 1178 2597 capsam
1200 2534 1335 2576 auream
1356 2516 1399 2573 est

285 2595 473 2661 translatum
495 2598 684 2662 auctoritate
712 2598 829 2660 summi
879 2597 1025 2676 ontificis,
1059 2598 1116 2683 qui
1143 2595 1205 2660 hoc
1230 2595 1400 2680 negocium

285 2679 387 2745 tribus
421 2683 581 2766 episeopis
613 2682 776 2763 conmisit,
808 2620 959 2745 videlicet
986 2681 1186 2764 Moguntino,
1219 2676 1398 2744 Trevirensi

286 2774 318 2828 et
332 2764 569 2830 Hildesemensi
577 2775 600 2848 ⁴,
624 2787 819 2850 quamquam
841 2764 887 2829 ibi
908 2764 1000 2828 multi
1022 2765 1075 2828 alii
1098 2765 1242 2851 episcopi
1264 2774 1297 2829 et
1318 2763 1398 2851 prin-

286 2849 373 2934 cipes
395 2851 569 2915 affuissent.
613 2849 688 2935 Ipse
718 2851 814 2913 etiam
842 2850 1018 2935 imperator
1046 2850 1170 2934 primus
1198 2848 1340 2934 lapidem
1362 2845 1397 2908 de

285 2932 452 3020 sarcofago
473 2933 594 2998 levavit
615 2943 646 2998 et
668 2954 817 2997 coronam
844 2955 973 2998 auream
996 2933 1036 2998 de
1058 2955 1116 2996 sno
1139 2933 1286 2997 thesauro
1311 2950 1396 2996 sacro

285 3018 385 3102 capiti
400 3020 598 3082 sanctissime
614 3018 711 3082 vidue
727 3019 890 3103 imposuit.
923 3018 974 3084 Ibi
997 3028 1104 3102 preter
1123 3016 1224 3082 multa
1245 3012 1398 3080 miracula

285 3100 390 3166 oleum
414 3103 453 3166 de
475 3123 566 3167 sacro
590 3123 723 3188 corpore
743 3102 878 3184 effluxit,
901 3101 1007 3188 quodh
1030 3101 1185 3187 religiosis
1207 3103 1294 3182 viris,
1318 3099 1397 3165 basi·

283 3184 361 3250 licas
385 3196 416 3251 et
436 3185 548 3251 altaria
568 3186 774 3252 inhonorem
796 3185 890 3250 beate
911 3186 1011 3251 vidue
1031 3184 1215 3250 Elisabethi
1238 3195 1396 3250 construo-

284 3271 374 3352 turis,
388 3293 446 3356 per
459 3271 572 3337 fratres
583 3270 749 3357 hospitalis
759 3270 1056 3336 Theutonioorumk
1071 3280 1118 3334 est
1127 3273 1181 3355 pie
1192 3291 1231 3334 ac
1242 3270 1396 3354 sagaciter

283 3353 499 3420 distributum.
534 3356 638 3441 Super
661 3357 750 3420 cuius
764 3356 831 3419 vita
844 3354 999 3419 laudabili
1018 3364 1049 3419 et
1063 3354 1235 3418 virtutibus
1253 3351 1396 3440 specialis

283 3437 416 3504 historia
438 3450 486 3504 est
508 3449 691 3504 contexuit
775 3439 856 3503 Inde
883 3440 1058 3524 imperator
1079 3439 1209 3503 veniens
1232 3436 1395 3503 Oonfluen·

283 3523 371 3605 tiam,
382 3524 567 3588 inferiorum
580 3525 720 3610 partium
732 3522 884 3587 miliciam
895 3524 1024 3589 invocat
1035 3522 1395 3609 contraLongobardos3

283 3606 356 3672 sed¹
383 3609 492 3693 paucis
521 3607 583 3672 sibi
611 3608 835 3690 annuentibus,
868 3607 984 3671 milites
1014 3607 1054 3672 de
1077 3607 1195 3672 Suevia
1217 3618 1249 3673 et
1270 3605 1395 3672 Alsacia
1435 3639 1436 3646 κ

283 3787 306 3838 a)
322 3799 353 3830 m.
362 3800 384 3838 p.
393 3790 471 3829 talare
483 3801 535 3829 raso
544 3791 591 3831 Bl.
622 3788 647 3842 b)
662 3791 848 3840 sequentiamque
862 3791 892 3829 ad
906 3790 982 3829 verta:
998 3790 1034 3829 lbi
1049 3795 1128 3840 preter
1142 3791 1216 3830 multa
1220 3790 1298 3839 paullo
1314 3790 1393 3828 diverso

282 3858 356 3895 muna,
366 3849 487 3897 muitetur,
496 3850 691 3899 conpetentem.
722 3849 743 3901 e)
753 3848 900 3890 Geneardum
910 3849 955 3898 0²3
964 3847 1099 3890 Genardum
1110 3851 1152 3892 01.
1183 3848 1206 3899 d)
1215 3849 1343 3889 Harnisten
1351 3847 1391 3892 015

282 3905 408 3948 na‘rinsten
420 3909 461 3948 02.
493 3906 816 3962 elMatt01,oorr.MaiBl.
847 3906 866 3959 f)
878 3908 1005 3958 Elysabeth
1014 3909 1055 3950 01.
1065 3910 1087 3950 2.
1118 3906 1142 3960 g)
1158 3909 1319 3948 nonorifleium
1328 3907 1366 3946 01.
1375 3904 1391 3942 t-

282 3963 307 4016 h)
331 3977 387 4014 qnae
407 3973 528 4016 sequantur
553 3979 621 4018 usqne
645 3970 675 4008 od
692 3969 759 4020 finem
780 3968 857 4006 codicis
884 3967 930 4006 otta
947 3967 1046 4016 sortasse
1069 3979 1136 4008 muna
1160 3971 1252 4008 aaaron
1273 3971 1326 4005 sunt
1347 3965 1391 4003 Bl.

282 4021 300 4073 l)
315 4025 412 4075 Elyaab.
429 4027 474 4076 023
490 4027 583 4078 Elysab.
600 4029 642 4069 01.
700 4026 725 4076 k)
742 4029 808 4067 Taut.
824 4027 868 4068 01.
928 4023 945 4077 1)
962 4030 986 4067 et
1001 4026 1043 4068 01.
1054 4029 1074 4068 2.

285 4171 313 4238 1)
327 4172 467 4243 Beatricia,
481 4176 557 4244 filiae
566 4177 688 4244 Philippi
706 4177 774 4244 regia
786 4177 976 4242 Romanorum,
997 4195 1065 4242 quoe
1084 4185 1210 4244 nupserat
1222 4172 1389 4228 Fordinando

282 4245 339 4314 rapi
359 4245 492 4302 Custodiae.
555 4251 584 4317 2)
604 4252 646 4303 De
665 4251 780 4302 dienen
799 4257 908 4302 constat.
972 4250 1002 4317 3)
1022 4251 1152 4302 Arnetet'n.
1217 4251 1245 4315 4)
1267 4247 1387 4301 Conrado*

283 4319 312 4382 5)
334 4319 428 4371 Nescio
448 4339 484 4374 an
501 4324 587 4376 Vitam
607 4343 624 4375 a
641 4323 764 4376 Caesario
780 4324 994 4376 Heieterbooenai
1012 4324 1138 4390 emptam
1155 4323 1198 4376 ool
1208 4325 1313 4390 sontem
1332 4323 1387 4382 aisa,

283 4393 399 4445 libellum
419 4404 534 4460 quatuor
553 4399 722 4461 ancillarum,
740 4397 847 4450 indicet.
