2924 5006
270 385 323 436 158
362 383 549 436 CHRONIOA
568 382 682 434 asom
703 381 954 434 COLONIENSIS.
972 381 1076 434 OONT.
1096 382 1129 432 A.
1143 381 1222 431 1195.
1236 379 1326 430 1196.

637 553 807 607 Receasa'o
827 554 851 606 Ι.
872 555 941 607 cod.
961 553 1023 607 Aa.

356 639 504 706 Cristahe
526 663 583 705 rex
597 640 713 704 Grecis
734 663 755 704 a
776 640 872 705 fratre
895 662 953 705 suo
975 649 1097 726 captus,
1119 661 1193 703 cum
1214 640 1310 703 iussu
1333 640 1408 703 eius

273 724 530 806 emascularetur,
554 725 588 788 in
610 725 770 808 pacientia
792 723 910 788 doloris
932 723 1187 807 vitam'finivit13
1210 723 1297 787 filius
1324 744 1407 810 qno·

275 807 342 896 que'
362 810 440 890 eius,
464 830 536 872 curn
560 808 684 872 necaritl
706 806 845 890 deberet,
868 809 957 873 obiit.

354 894 534 978 Imperator
561 892 601 956 de
629 889 747 970 Apulia
772 892 941 956 revertitur
969 913 1042 955 cum
1071 890 1174 977 gloria
1207 899 1240 954 et
1269 890 1410 954 diviciis

270 974 585 1062 incomparabilibus.
630 975 801 1040 Ounradus
847 975 983 1040 alatinus
1006 997 1113 1040 comes
1134 975 1174 1040 de
1186 975 1277 1039 Reno
1301 972 1407 1057 obiit,

271 1061 361 1124 cuius
383 1060 555 1143 dignitates
576 1069 609 1124 et
630 1059 785 1125 beneficia
840 1061 971 1142 einrico,
992 1058 1058 1122 filio
1070 1059 1216 1124 Heinrici
1231 1056 1406 1145 quondam

271 1143 362 1208 ducis
401 1144 571 1225 Saxoniae,
607 1152 785 1228 cesserunt,
827 1146 855 1208 is
894 1145 978 1209 enirn
1013 1142 1112 1208 filiam
1141 1142 1230 1208 eiust
1267 1143 1405 1206 unicam

272 1227 417 1292 duxerat.

356 1312 457 1375 Facta
478 1320 526 1375 est
547 1312 608 1375 hoc
630 1331 713 1374 anno
735 1311 871 1397 irruptio
916 1332 1091 1396 aganorum
1105 1308 1215 1375 valida
1229 1320 1263 1376 et
1276 1309 1404 1375 bellum

273 1395 386 1480 ingens
412 1406 522 1458 contra
550 1393 738 1459 christianos
767 1396 800 1457 in
827 1330 945 1459 fluidus
972 1395 1150 1480 Hispaniae
1178 1405 1211 1458 et
1239 1393 1407 1474 Galatiae,

272 1479 317 1544 ita
338 1488 374 1542 ut
393 1501 452 1543 rex
466 1478 666 1578 Hispaniae²
687 1487 775 1543 metu
788 1478 933 1564 periculi,
948 1478 1129 1543 conditione
1149 1501 1223 1542 cum
1240 1479 1287 1544 eis
1301 1478 1411 1559 facta,

271 1564 305 1626 in
325 1585 461 1647 regnum
474 1584 559 1646 regis
573 1563 729 1628 Franciae
744 1563 945 1648 demigraret,
967 1573 1061 1648 pacta
1075 1584 1155 1649 pace
1171 1584 1244 1626 cum
1260 1563 1404 1628 ethnicis

271 1669 373 1733 usque
395 1648 430 1709 in
450 1656 658 1732 pentecosten
680 1647 841 1732 sequentis
862 1647 946 1712 anni.

355 1730 481 1795 Bellum
515 1731 682 1815 antiquum
720 1730 915 1795 recrudescit
948 1731 1031 1795 inter
1065 1729 1253 1830 Philippum
1288 1753 1404 1816 regem

271 1814 428 1880 Franciao
444 1825 476 1880 et
485 1814 681 1878 Richardum
693 1817 744 1878 An
767 1813 839 1880 liae.
861 1815 934 1879 Rex
948 1824 1054 1879 autem
1070 1815 1227 1880 Francrae
1242 1815 1402 1901 prevalet.

356 1900 504 1963 Domnus
520 1919 606 1985 papa
621 1837 796 1962 cardinales
811 1898 914 1962 duos⁰
929 1922 949 1963 a
962 1899 1061 1964 latere
1076 1921 1134 1963 suo
1151 1900 1249 1964 mittit
1270 1901 1306 1962 in
1323 1898 1402 1962 Gal·

271 1981 346 2046 liam
366 1991 398 2047 et
416 2005 685 2069 quaquaversum,
698 1984 867 2047 convenire
879 1993 911 2047 et
926 1981 1110 2048 adhortaril
1125 2006 1253 2048 omnem
1269 1984 1378 2047 virum
1388 1995 1403 2026 ⁰

273 2064 393 2131 bonum
405 2079 437 2130 et
448 2079 635 2131 strennuum
646 2066 687 2130 ad
699 2067 898 2132 subeundam
909 2068 1200 2152 peregrinationem
1209 2090 1268 2154 pro
1278 2066 1402 2131 honore

274 2148 430 2215 Crucifixi
453 2161 485 2214 et
506 2152 610 2214 crucis
633 2152 709 2216 eius.
753 2152 927 2216 Innumera
948 2174 1025 2237 ergo
1044 2150 1215 2216 multitudo
1231 2152 1403 2216 hominum

275 2255 403 2299 crucem
426 2232 487 2297 sibi
509 2235 661 2300 assumitr
682 2236 716 2297 in
737 2236 866 2300 nomine
887 2235 1030 2300 Domini.

444 2320 484 2404 [6.
493 2319 519 2406 ὅ]
562 2318 657 2381 Anno
678 2319 858 2383 dominicae
882 2319 1110 2384 incarnationis
1135 2321 1226 2384 1196.

360 2402 499 2465 Penuria
514 2403 665 2467 frumenti
680 2414 713 2467 et
729 2425 874 2468 annonae
895 2427 926 2467 m
993 2426 1013 2466 a
1034 2404 1120 2469 facta
1134 2413 1192 2484 est,
1215 2423 1301 2489 quae
1316 2402 1399 2467 etin

274 2495 461 2570 sequentem
489 2507 609 2550 annum
639 2509 741 2573 nsque
768 2487 905 2551 duravit.
929 2425 1098 2574 a{batque
1120 2487 1221 2552 fames
1244 2487 1350 2551 valida
1369 2497 1405 2552 et

274 2591 357 2654 pene
373 2571 515 2633 omnium
525 2569 713 2635 victualium
725 2573 860 2656 penuria
875 2572 1030 2636 inaudita.
1077 2573 1262 2658 Episcopus
1274 2571 1404 2636 'lhaiec-

275 2654 373 2717 tensis
396 2653 485 2718 obiit.
534 2655 573 2719 In
597 2653 740 2718 Saxonis
760 2655 874 2720 mulier
896 2656 1053 2741 quaedam
1075 2659 1096 2720 4
1117 2657 1254 2720 infantes
1277 2655 1359 2720 infra
1380 2657 1403 2721 3

275 2759 402 2801 menses
430 2739 578 2822 genuisse
608 2737 692 2802 dicta
720 2748 778 2804 est.
831 2739 1010 2838 Imperator
1043 2741 1077 2804 in
1104 2740 1258 2826 Apuliam
1293 2740 1401 2804 denuo

275 2820 500 2904 proficiscitur,
521 2823 685 2921 premissis
707 2825 864 2908 sargantis
886 2827 1071 2906 mnumeris,
1100 2846 1181 2910 quos
1203 2825 1298 2888 duxit
1315 2824 1402 2888 Mar-

276 2905 428 2990 quardus,
461 2905 587 2991 dapifer
613 2908 693 2987 eius,
724 2910 775 2971 cui
803 2917 835 2972 et
861 2909 1036 2972 marchiam
1065 2908 1254 2972 Anconiae¹²
1278 2919 1309 2973 et
1336 2907 1402 2972 alia

276 2988 436 3136 {uaedam
456 2989 615 3054 beneficia
641 2989 826 3055 contulerat.
933 2993 1029 3056 Estas
1055 2992 1172 3076 frigida
1203 3002 1235 3057 et
1259 2991 1401 3057 humida.

307 3071 403 3137 ellum
426 3075 509 3138 inter
532 3074 720 3138 christianos
743 3085 774 3139 et
803 3075 946 3140 ethnicos
977 3078 1010 3139 in
1037 3087 1123 3142 terra
1145 3076 1257 3142 Sancti
1278 3077 1400 3142 Iacobi.

280 3201 481 3210 ..n—-u——a--o-a

620 3292 790 3344 Benenato
809 3292 851 3344 H.
871 3293 965 3344 codd.
985 3293 1018 3344 Β.
1040 3291 1067 3346 0.

360 3377 508 3442 'l'irsachi
529 3401 588 3442 rex
611 3377 744 3444 Greciae
773 3400 792 3441 a
817 3377 914 3463 fratre
937 3399 995 3442 suo
1017 3388 1147 3444 cecatur
1174 3389 1206 3445 et
1227 3400 1303 3444 oum
1323 3402 1397 3465 par-

276 3460 352 3527 vulo
374 3459 440 3524 filio
462 3461 579 3525 Alexio
604 3459 644 3525 de
666 3484 764 3547 regno
787 3463 911 3526 eicitur.

363 3553 513 3619 Imperator
532 3579 566 3589 -
587 3553 669 3602 -in
688 3553 795 3604 nomina
814 3553 941 3624 Domini..
958 3559 988 3602 ut
1006 3551 1133 3604 Rcceasio
1153 3553 1179 3604 I.

474 3619 504 3682 6.
547 3619 642 3682 Anno
665 3619 844 3683 dominicae
865 3619 1092 3684 incarnationis
1117 3621 1208 3685 1196.

370 3709 519 3774 Imperator
539 3737 573 3745 —
595 3735 626 3745 —
653 3709 770 3762 humida.
808 3710 924 3760 Penuria
946 3737 975 3746 —
997 3733 1032 3744 -
1051 3710 1182 3763 inaudita.
1230 3710 1263 3760 In
1283 3710 1397 3762 Saxonis.

280 3809 311 3821 -
342 3809 373 3819 -
402 3782 477 3832 dicta
498 3787 546 3834 est.
599 3783 705 3833 Bellum
730 3811 767 3819 —
791 3809 821 3819 ·-
849 3783 944 3833 Iacobi
973 3782 1105 3832 factum
1134 3789 1193 3836 est.
1248 3783 1396 3851 Episcopus

241 3875 242 3879 ’
277 3848 479 3914 Baldulnusk
501 3865 680 3916 Traiectensis
700 3866 773 3916 obiit.
793 3872 822 3914 ut
841 3863 968 3915 Rcceaoio
987 3864 1012 3915 l.

279 4047 302 4100 a)
326 4051 403 4090 cerari
419 4050 467 4089 Aa.
532 4045 557 4100 b)
580 4048 637 4087 deest
652 4048 686 4089 01
764 4047 785 4099 c)
809 4057 863 4087 suos
878 4057 935 4085 corr.
952 4045 1009 4085 duos
1024 4045 1072 4089 Bl.
1141 4046 1165 4100 d)
1182 4048 1271 4090 hortari
1287 4049 1334 4092 Bl.
1351 4053 1392 4092 01.

279 4111 301 4158 e)
318 4109 341 4149 b.
357 4119 378 4147 v.
394 4112 417 4148 et
431 4113 460 4148 st.
477 4109 520 4150 02.
551 4106 570 4159 s)
587 4112 707 4147 assumunt
721 4118 778 4149 corr.
796 4108 893 4146 assumit
907 4105 956 4146 131.
1001 4103 1136 4158 pampus
1152 4113 1232 4149 sextus
1247 4109 1335 4150 rubrica
1350 4110 1392 4150 01.

278 4165 303 4218 h)
319 4167 420 4206 Arconle
436 4169 480 4209 01.
497 4181 525 4202 =
541 4166 559 4218 i)
575 4168 678 4218 Tyrsach
694 4168 737 4209 01.
797 4163 822 4216 k)
838 4164 988 4204 Baldevrtnus
1003 4165 1053 4209 Bt.

270 4317 309 4384 ’1)
329 4317 453 4380 Minime3
473 4316 506 4382 cf.
526 4333 550 4368 o.
573 4316 653 4367 1199.
728 4311 758 4380 9)
774 4313 910 4379 Alsoaatte.
