2970 4996
192 351 378 404 CHRONIOA
397 353 512 406 asom
533 353 783 408 COLONIENSIS.
805 355 908 408 CONT.
929 357 961 408 Δ.
985 356 1063 409 1189.
1140 359 1192 411 145

475 526 643 578 Receasi'o
664 526 687 578 1.
708 535 732 578 et
751 527 793 577 ΙΙ.

60 632 183 674 comes
206 609 246 676 de
261 610 380 676 Monte.
423 611 545 676 Habita
567 622 615 676 est
637 613 734 676 etlam
756 610 802 675 ibi
824 612 865 676 ab
888 615 1079 698 imperatore
1103 615 1193 678 curia

60 694 101 758 in
124 693 207 759 villa
239 717 319 780 quae
341 695 517 780 Belgrave¹
550 696 676 777 dicitur,
710 695 751 760 ad
785 718 882 782 quam
915 697 979 760 duo
1007 697 1129 762 nobiles
1152 698 1192 762 de

60 777 202 843 Alsatia
223 800 283 864 pro
304 778 424 843 violata
450 801 532 865 pace
562 777 709 843 decollati
732 791 813 844 sunt.
857 781 998 846 Profecti
1028 781 1067 846 de
1090 782 1192 846 Brun-

61 861 167 926 dusio
184 863 386 928 intraverunt
399 864 478 929 fines
497 862 742 948 Bulgarorum
759 865 814 950 qui
837 867 980 950 ingenita
996 864 1057 929 sibi
1078 865 1191 930 fraude

62 945 234 1045 hostiliter
255 969 309 1012 eos
337 970 435 1074 supra
462 947 647 1032 opinionem
669 959 875 1095 exceperunt,
908 948 978 1014 telis
1007 971 1062 1013 eos
1091 960 1123 1014 et
1144 971 1192 1014 sa·

64 1039 163 1180 {aas
179 1029 373 1097 lacessentes

410 1043 442 1097 et
458 1032 632 1095 inhumana
648 1031 745 1096 crude
758 1033 834 1097 itate
848 1035 882 1096 in
895 1055 948 1098 eos
965 1032 1192 1099 debachantes.

97 1126 217 1200 aptum
240 1116 325 1180 enim
370 1115 509 1180 uendam
531 1117 633 1180 civem
657 1117 843 1201 Aquensem
865 1115 939 1202 palo
985 1139 1021 1180 er
1042 1119 1192 1183 intestina

65 1197 315 1265 transfixerunt.
348 1139 453 1265 liudo
483 1222 525 1263 ex
552 1201 598 1263 eis
627 1201 768 1286 quinque
798 1202 884 1287 capti
911 1222 970 1287 pro
995 1223 1067 1266 rose
1096 1202 1192 1267 etiam

68 1284 227 1368 suspensi
249 1294 330 1348 sunt.
375 1284 584 1349 Transierunt
612 1293 720 1348 autem
741 1283 927 1370 Bulgariam
958 1306 1082 1349 summo
1105 1296 1192 1351 metu

68 1375 103 1431 et
125 1366 290 1452 periculo,
313 1377 465 1454 eratque⁰
488 1391 613 1454 semper
638 1368 672 1430 in
698 1368 802 1433 fronte
829 1370 988 1434 exercitus
1009 1369 1192 1434 Fridericus

70 1449 143 1514 dux
168 1449 315 1534 Sueviae,
347 1473 460 1516 currus
481 1473 558 1516 vero
587 1461 619 1516 et
645 1451 709 1516 alia
730 1452 878 1516 vehicula
904 1463 988 1518 retro
1017 1454 1193 1539 agebantur

71 1556 149 1599 cum
185 1535 373 1600 custodiisd.
426 1537 516 1600 Intra
544 1535 731 1622 Bulgariam
766 1546 924 1602 venerunt
954 1537 997 1600 ad
1030 1538 1192 1602 civitatem

15 1647 16 1650 ¹
71 1620 206 1683 nomine
229 1619 394 1702 Niceam¹,
430 1621 487 1684 ubi
517 1621 668 1706 princeps
701 1621 805 1686 dictus
836 1621 926 1686 Serf³
962 1642 1036 1684 oum
1067 1643 1192 1685 summo

15 1767 16 1772 ,
95 1703 197 1768 audio
224 1705 450 1789 imperatorem
476 1705 613 1789 excepit,
643 1704 725 1769 datis
755 1707 784 1770 ei
813 1703 972 1769 nonnullis
994 1704 1096 1770 donis.
1140 1703 1192 1768 Ab

15 1853 16 1858 ,
72 1726 136 1851 boc
164 1787 236 1851 loco
264 1789 438 1873 imperator
462 1787 586 1872 legatos
613 1789 654 1853 ad
680 1811 789 1874 regem
817 1787 954 1852 Greciae
982 1790 1078 1870 misit,
1101 1788 1193 1853 Heri-

15 1911 16 1946 3
74 1883 253 1935 mannume
276 1873 559 1937 Monasteriensem
590 1875 789 1958 episcopum,
818 1872 1016 1958 Rupertumf
1043 1873 1193 1938 comitem

76 1954 116 2020 de
143 1955 297 2020 Nassowe
324 1967 356 2020 et
383 1957 533 2021 comitem
564 1955 749 2020 Walravum
777 1979 852 2020 cum
878 1957 941 2020 500
970 1957 1132 2044 equitibus
1162 1967 1194 2022 et

15 2071 16 2102 f
75 2060 189 2103 eorum
211 2049 367 2127 apparatu
389 2062 447 2140 pro
469 2062 549 2126 pace
572 2050 603 2104 et
625 2040 784 2105 conductu
813 2063 872 2126 per
900 2051 1017 2105 terram
1048 2063 1140 2104 suam
1163 2050 1195 2105 et

77 2133 232 2187 mercatu.
287 2124 377 2205 Quos
412 2123 464 2189 lle
501 2124 644 2210 quidem·
662 2124 801 2210 benigne
838 2127 978 2209 suscepit
1008 2133 1193 2211 septemque

77 2206 194 2271 diebus
217 2207 351 2292 pacifice
373 2210 406 2271 in
430 2207 707 2293 Constantinopoli
729 2209 840 2289 tenuit,
870 2208 927 2273 sed
949 2217 1063 2273 octavo
1087 2209 1138 2274 die
1160 2211 1195 2272 in

78 2311 241 2356 carcerem
263 2292 347 2355 mitti
368 2293 470 2374 iussit,
501 2290 559 2356 ubi
581 2303 612 2358 et
633 2314 748 2378 aspera
775 2291 876 2358 multa
906 2293 1088 2358 contraius
1110 2291 1194 2378 lega-

76 2384 182 2440 torum
205 2375 293 2461 passi
316 2386 399 2441 sunt.
442 2377 622 2462 Imperator
648 2387 755 2441 autem
783 2399 856 2440 cum
883 2378 948 2440 suis
975 2376 1193 2462 progrediens,

76 2460 165 2524 venit
185 2460 220 2521 in
250 2460 410 2526 civitatem
439 2463 568 2524 nomine
592 2459 788 2525 Straleizss·⁴.
831 2459 965 2545 Bulgan‘
991 2482 1067 2524 vero
1090 2460 1192 2525 tribus

74 2544 175 2606 muris
198 2542 381 2630 singillatim
403 2544 445 2610 ab
460 2544 598 2609 invicem
614 2545 727 2643 positis
741 2546 802 2610 iter
817 2566 928 2609 eorum
942 2553 1193 2630 presumerent,

76 2628 262 2692 estimantes
285 2651 319 2692 se
341 2649 396 2692 eos
421 2627 600 2714 implicatos
621 2651 654 2692 1n
676 2626 738 2692 illis
760 2625 882 2714 absque
904 2629 1087 2693 discrimine
1110 2628 1193 2692 occi-

77 2709 163 2776 dere.
206 2710 358 2776 Attamen
379 2713 441 2776 hoc
463 2733 618 2777 conamen
641 2734 752 2777 eorum
774 2713 893 2777 nostris
914 2733 980 2776 non
1001 2713 1120 2794 nocuit,
1155 2733 1193 2777 eo

15 2829 17 2860 r
78 2794 165 2880 quod
186 2804 285 2861 staret
300 2795 511 2896 Omnipotens
526 2818 585 2882 pro
607 2797 670 2880 eis3
693 2819 735 2862 ex
755 2806 846 2882 parte
861 2818 938 2861 vero
953 2795 1080 2861 illorum
1101 2795 1195 2860 multi

78 2879 263 2944 ceciderunt
274 2881 306 2943 in
318 2878 436 2964 glad1o.
458 2881 621 2945 Emensal
632 2880 762 2945 tandem
774 2879 935 2966 Bulgaria,
947 2881 980 2943 in
993 2901 1057 3028 qiua
1067 2880 1195 2945 circiter

28 2964 48 3043 ““,
79 2973 148 3028 octo
166 2965 355 3050 septimanis
371 2963 466 3029 velud
483 2965 517 3027 in
539 2965 664 3029 camino
686 2963 900 3030 tribulationis
924 2963 1004 3028 <lesu
1026 2965 1194 3045 averanti,

78 3049 277 3112 intraverunt
297 3048 531 3129 Macedoniam,
553 3058 676 3133 partem
700 3046 822 3116 scilicet
838 3047 975 3112 Greciae
998 3046 1193 3132 opulentam,

78 3132 112 3195 in
142 3153 208 3218 qua
235 3133 410 3197 maximam
438 3133 617 3215 vinearum,
650 3154 818 3220 pomorum
848 3131 958 3218 pabuli
982 3133 1045 3196 uek
1067 3133 1195 3218 copiam

80 3216 286 3298 invenienteS,
306 3238 366 3315 per
385 3215 531 3364 aliguodl
547 3224 675 3302 tempus
689 3216 825 3282 recreati
841 3224 924 3280 sunt.
959 3153 1195 3302 bpplicuerunt

80 3301 174 3364 etiam
196 3300 237 3365 ad
253 3303 414 3364 cimtatem
455 3298 704 3385 inipopolinr·⁵,
728 3321 809 3386 quae
833 3310 864 3364 et
886 3299 1045 3385 Philippis
1053 3311 1077 3381 ¹¹,
1103 3300 1194 3364 cuius

80 3383 271 3449 habitatores
294 3406 403 3448 omnes
424 3383 466 3447 ad
495 3381 596 3447 solam
623 3386 820 3448 venientium
841 3385 961 3448 famam
982 3383 1093 3448 relicta
1115 3381 1194 3449 urbe

15 3515 16 3530 t
82 3468 278 3553 aufugerant.
325 3468 504 3554 Imperator
537 3476 642 3533 autem
674 3467 816 3555 undique
849 3478 1016 3553 suspectus
1047 3467 1194 3550 insidias,

15 3603 16 3638 ,
82 3553 182 3617 sciens
216 3552 368 3638 quoniam
399 3551 486 3618 docti
518 3561 567 3617 est
596 3564 742 3638 semper⁰
775 3561 925 3634 metuere,
959 3551 1064 3616 edicto
1085 3552 1197 3632 vetuit,

15 3639 16 3692 ἐ
82 3637 213 3722 nequis
240 3657 373 3700 suorum
400 3636 563 3700 civitatem
590 3637 731 3718 intraret,
765 3635 821 3699 sed
850 3657 960 3700 omnes
987 3634 1065 3700 foris
1088 3657 1197 3700 muros

15 3723 16 3776 ἶ
83 3721 167 3786 urbis
199 3720 383 3789 residerent.
436 3719 488 3785 Ibi
520 3719 720 3806 responsales
757 3721 841 3804 regis
875 3719 1012 3784 Greciae
1048 3719 1091 3783 ad
1124 3741 1195 3784 eum

84 3814 245 3887 venerunt,
273 3827 331 3890 per
354 3825 433 3890 quos
455 3804 486 3869 ei
507 3803 722 3885 demandavit,
752 3826 786 3869 se
807 3802 931 3868 salvum
953 3825 1023 3868 esse
1046 3813 1078 3867 et
1098 3802 1198 3866 nichil

85 3930 281 3986 aJBulgariorum
297 3931 344 3971 At.
405 3930 589 3982 b)lascessentss
604 3933 650 3972 Bt.
713 3929 799 3983 c)daut
815 3932 859 3972 01.
920 3927 943 3982 d)
953 3930 1085 3970 custodibus
1101 3930 1197 3972 BLOt.

15 4029 16 4046 3
86 3990 106 4044 a)
120 3991 196 4031 serm.
214 3992 261 4040 013
277 3991 306 4030 H.
323 3991 353 4030 M.
371 3999 391 4031 a.
407 3991 450 4030 dea.
466 3991 515 4031 Bt.
533 3991 571 4030 Fr.
639 3988 657 4041 f)
672 3990 799 4029 Rubertum
815 3989 834 4028 Α
844 3991 864 4029 2.
935 3986 959 4040 ς)
976 3988 1074 4030 siralais
1091 3990 1139 4038 013
1156 3988 1198 4040 Sy·

15 4087 16 4100 ,
85 4051 153 4090 relata
169 4051 210 4091 02.
285 4047 309 4101 h)
327 4050 443 4089 Demensa
458 4049 506 4090 ΔΞ,
582 4047 600 4100 l)
617 4049 786 4090 desudaverunt
801 4049 821 4088 B
832 4051 852 4089 1.
929 4047 954 4101 k)
970 4053 993 4088 et
1014 4047 1140 4097 pabulique
1156 4049 1198 4089 02.

15 4113 16 4156 1
86 4107 102 4159 l)
116 4110 202 4159 aliquot
223 4109 274 4152 Β1.
348 4106 380 4159 m)
397 4109 561 4160 Vinlpopolym
583 4110 629 4157 023
650 4109 809 4158 Vintpopelim
831 4108 874 4157 0¹3
956 4105 979 4157 n)
996 4107 1117 4157 Philtppns
1141 4107 1198 4159 Δὶ)

86 4168 202 4220 Phylippis
218 4167 416 4219 3131>nyrypprs
432 4168 476 4209 02.
537 4165 560 4218 o)
576 4178 682 4217 saparaer.
699 4168 750 4216 1313
766 4179 783 4206 s.
801 4177 820 4206 a.
838 4167 879 4208 01.
896 4167 917 4207 2.

15 4249 17 4304 l
89 4278 114 4348 1)
140 4279 265 4348 Betprocl.
367 4279 396 4346 2)
423 4279 515 4332 Niscb.
623 4278 653 4345 3)
676 4279 719 4330 Da
740 4279 863 4348 principe
892 4277 1001 4330 Stabiae
1030 4278 1199 4344 cogitandum

15 4363 21 4456 'p
88 4371 146 4422 essa,
163 4353 263 4405 monuit
276 4355 393 4406 Phttaer.
478 4352 507 4420 4)
527 4352 674 4418 δνεάεικὶα,
694 4353 771 4405 hodie
785 4352 865 4418 Sofia.
941 4349 970 4418 ὅ)
990 4351 1196 4417 Philippopolin.

928 4438 968 4501 10
