<?xml version="1.0" encoding="UTF-8"?>
<!DOCTYPE html PUBLIC "-//W3C//DTD XHTML 1.0 Transitional//EN"
    "http://www.w3.org/TR/xhtml1/DTD/xhtml1-transitional.dtd">
<html xmlns="http://www.w3.org/1999/xhtml" xml:lang="en" lang="en">
 <head>
  <title>
</title>
<meta http-equiv="Content-Type" content="text/html;charset=utf-8" />
  <meta name='ocr-system' content='tesseract 3.04.00' />
  <meta name='ocr-capabilities' content='ocr_page ocr_carea ocr_par ocr_line ocrx_word'/>
</head>
<body>
  <div class='ocr_page' id='page_1' title='image "./chronicaregiaco01waitgoog_0101.png"; bbox 0 0 2970 4996; ppageno 0'>
   <div class='ocr_carea' id='block_1_1' title="bbox 219 421 1202 498">
    <p class='ocr_par' dir='ltr' id='par_1_1' title="bbox 219 421 1202 498">
     <span class='ocr_line' id='line_1_1' title="bbox 219 421 1202 498; baseline -0.001 -23"><span class='ocrx_word' id='word_1_1' title='bbox 219 424 406 477; x_wconf 78' lang='lat' dir='ltr'><strong>CHRONICA</strong></span> <span class='ocrx_word' id='word_1_2' title='bbox 426 425 538 498; x_wconf 74' lang='lat' dir='ltr'><strong>REGIA</strong></span> <span class='ocrx_word' id='word_1_3' title='bbox 559 421 801 477; x_wconf 83' lang='lat' dir='ltr'>COLONIENSIS</span> <span class='ocrx_word' id='word_1_4' title='bbox 821 424 854 476; x_wconf 81' lang='grc' dir='ltr'><strong>Δ.</strong></span> <span class='ocrx_word' id='word_1_5' title='bbox 875 424 954 474; x_wconf 77' lang='lat'><strong>1132.</strong></span> <span class='ocrx_word' id='word_1_6' title='bbox 975 425 1055 476; x_wconf 88' lang='grc'>1133.</span> <span class='ocrx_word' id='word_1_7' title='bbox 1168 425 1202 474; x_wconf 84' lang='grc'><strong>69</strong></span> 
     </span>
    </p>
   </div>
   <div class='ocr_carea' id='block_1_2' title="bbox 455 596 835 650">
    <p class='ocr_par' dir='ltr' id='par_1_2' title="bbox 455 596 835 650">
     <span class='ocr_line' id='line_1_2' title="bbox 455 596 835 650; baseline -0.003 -2"><span class='ocrx_word' id='word_1_8' title='bbox 455 598 622 650; x_wconf 82' lang='lat' dir='ltr'><strong>Recensio</strong></span> <span class='ocrx_word' id='word_1_9' title='bbox 643 597 666 647; x_wconf 91' lang='grc' dir='ltr'><strong>Ι.</strong></span> <span class='ocrx_word' id='word_1_10' title='bbox 687 598 782 649; x_wconf 86' lang='lat' dir='ltr'><strong>codd.</strong></span> <span class='ocrx_word' id='word_1_11' title='bbox 802 596 835 648; x_wconf 82' lang='lat' dir='ltr'><strong>A.</strong></span> 
     </span>
    </p>
   </div>
   <div class='ocr_carea' id='block_1_3' title="bbox 73 681 1321 2613">
    <p class='ocr_par' dir='ltr' id='par_1_3' title="bbox 73 681 1310 1021">
     <span class='ocr_line' id='line_1_3' title="bbox 153 681 1310 768; baseline 0.005 -22"><span class='ocrx_word' id='word_1_12' title='bbox 153 681 296 768; x_wconf 87' lang='lat' dir='ltr'><strong>Eclipsis</strong></span> <span class='ocrx_word' id='word_1_13' title='bbox 316 681 411 747; x_wconf 90' lang='lat' dir='ltr'><strong>lunae</strong></span> <span class='ocrx_word' id='word_1_14' title='bbox 425 683 512 747; x_wconf 89' lang='lat' dir='ltr'><strong>facta</strong></span> <span class='ocrx_word' id='word_1_15' title='bbox 526 693 574 749; x_wconf 87' lang='lat' dir='ltr'><strong>est</strong></span> <span class='ocrx_word' id='word_1_16' title='bbox 588 685 618 747; x_wconf 77' lang='lat'><strong>5.</strong></span> <span class='ocrx_word' id='word_1_17' title='bbox 632 683 742 747; x_wconf 87' lang='lat' dir='ltr'><strong>Nonas</strong></span> <span class='ocrx_word' id='word_1_18' title='bbox 758 683 875 747; x_wconf 90' lang='lat' dir='ltr'><strong>Martii.</strong></span> <span class='ocrx_word' id='word_1_19' title='bbox 914 681 1204 748; x_wconf 89' lang='lat' dir='ltr'><strong>Vehementissima</strong></span> <span class='ocrx_word' id='word_1_20' title='bbox 1214 709 1279 753; x_wconf 67' lang='lat' dir='ltr'><strong>nare.</strong></span> <span class='ocrx_word' id='word_1_21' title='bbox 1289 712 1310 752; x_wconf 81' lang='lat' dir='ltr'><strong>a.</strong></span> 
     </span>
     <span class='ocr_line' id='line_1_4' title="bbox 73 765 1203 852; baseline 0.001 -23"><span class='ocrx_word' id='word_1_22' title='bbox 73 767 128 829; x_wconf 85' lang='lat' dir='ltr'><strong>vis</strong></span> <span class='ocrx_word' id='word_1_23' title='bbox 151 777 322 830; x_wconf 89' lang='lat' dir='ltr'><strong>ventorum</strong></span> <span class='ocrx_word' id='word_1_24' title='bbox 343 769 511 832; x_wconf 90' lang='lat' dir='ltr'><strong>innumera</strong></span> <span class='ocrx_word' id='word_1_25' title='bbox 533 767 660 831; x_wconf 88' lang='lat' dir='ltr'><strong>edificia</strong></span> <span class='ocrx_word' id='word_1_26' title='bbox 681 766 815 831; x_wconf 81' lang='lat' dir='ltr'>subruit.</span> <span class='ocrx_word' id='word_1_27' title='bbox 891 765 1037 831; x_wconf 84' lang='lat' dir='ltr'><strong>Elevatio</strong></span> <span class='ocrx_word' id='word_1_28' title='bbox 1059 768 1203 852; x_wconf 85' lang='lat' dir='ltr'><strong>corporis</strong></span> 
     </span>
     <span class='ocr_line' id='line_1_5' title="bbox 76 849 1204 997; baseline 0 -83"><span class='ocrx_word' id='word_1_29' title='bbox 76 849 192 914; x_wconf 90' lang='lat' dir='ltr'><strong>domni</strong></span> <span class='ocrx_word' id='word_1_30' title='bbox 220 850 406 916; x_wconf 82' lang='lat' dir='ltr'><strong>Godehardi</strong></span> <span class='ocrx_word' id='word_1_31' title='bbox 434 850 763 915; x_wconf 86' lang='lat' dir='ltr'><strong>Hildenesheimensis</strong></span> <span class='ocrx_word' id='word_1_32' title='bbox 792 850 954 997; x_wconf 54' lang='lat' dir='ltr'><strong>episcopm</strong></span> <span class='ocrx_word' id='word_1_33' title='bbox 986 851 1043 914; x_wconf 93' lang='lat' dir='ltr'><strong>ubi</strong></span> <span class='ocrx_word' id='word_1_34' title='bbox 1070 851 1204 915; x_wconf 88' lang='lat' dir='ltr'><strong>Domini</strong></span> 
     </span>
     <span class='ocr_line' id='line_1_6' title="bbox 77 934 1203 1021; baseline 0.002 -23"><span class='ocrx_word' id='word_1_35' title='bbox 77 946 277 1019; x_wconf 75' lang='lat' dir='ltr'>cooperante</span> <span class='ocrx_word' id='word_1_36' title='bbox 298 936 401 1020; x_wconf 87' lang='lat' dir='ltr'><strong>gratia</strong></span> <span class='ocrx_word' id='word_1_37' title='bbox 421 934 560 1021; x_wconf 91' lang='lat' dir='ltr'><strong>plurima</strong></span> <span class='ocrx_word' id='word_1_38' title='bbox 578 936 750 999; x_wconf 88' lang='lat' dir='ltr'><strong>sanitatum</strong></span> <span class='ocrx_word' id='word_1_39' title='bbox 765 934 850 998; x_wconf 89' lang='lat' dir='ltr'><strong>dona</strong></span> <span class='ocrx_word' id='word_1_40' title='bbox 864 936 897 997; x_wconf 92' lang='lat' dir='ltr'><strong>in</strong></span> <span class='ocrx_word' id='word_1_41' title='bbox 922 935 999 998; x_wconf 91' lang='lat' dir='ltr'><strong>rmis</strong></span> <span class='ocrx_word' id='word_1_42' title='bbox 1012 944 1203 1020; x_wconf 83' lang='lat' dir='ltr'><strong>prestantur.</strong></span> 
     </span>
    </p>

    <p class='ocr_par' dir='ltr' id='par_1_4' title="bbox 76 1017 1321 1690">
     <span class='ocr_line' id='line_1_7' title="bbox 156 1017 1321 1105; baseline -0.002 -22"><span class='ocrx_word' id='word_1_43' title='bbox 156 1017 252 1083; x_wconf 80' lang='lat' dir='ltr'><strong>Circa</strong></span> <span class='ocrx_word' id='word_1_44' title='bbox 273 1019 387 1084; x_wconf 88' lang='lat' dir='ltr'><strong>festum</strong></span> <span class='ocrx_word' id='word_1_45' title='bbox 410 1019 635 1105; x_wconf 82' lang='lat' dir='ltr'><strong>assumptionis</strong></span> <span class='ocrx_word' id='word_1_46' title='bbox 657 1029 766 1082; x_wconf 88' lang='lat' dir='ltr'><strong>sancte</strong></span> <span class='ocrx_word' id='word_1_47' title='bbox 788 1019 909 1082; x_wconf 91' lang='lat' dir='ltr'><strong>Mariae</strong></span> <span class='ocrx_word' id='word_1_48' title='bbox 934 1018 1091 1104; x_wconf 89' lang='lat' dir='ltr'><strong>profectio</strong></span> <span class='ocrx_word' id='word_1_49' title='bbox 1118 1021 1272 1103; x_wconf 62' lang='lat' dir='ltr'><strong>regisse.</strong></span> <span class='ocrx_word' id='word_1_50' title='bbox 1285 1036 1321 1081; x_wconf 75' lang='lat'><strong>1⁶.</strong></span> 
     </span>
     <span class='ocr_line' id='line_1_8' title="bbox 76 1101 1204 1188; baseline 0.002 -24"><span class='ocrx_word' id='word_1_51' title='bbox 76 1103 114 1164; x_wconf 93' lang='lat' dir='ltr'><strong>in</strong></span> <span class='ocrx_word' id='word_1_52' title='bbox 134 1101 263 1167; x_wconf 89' lang='lat' dir='ltr'><strong>Italiam</strong></span> <span class='ocrx_word' id='word_1_53' title='bbox 283 1124 343 1188; x_wconf 91' lang='lat' dir='ltr'><strong>pro</strong></span> <span class='ocrx_word' id='word_1_54' title='bbox 366 1105 604 1168; x_wconf 88' lang='lat' dir='ltr'><strong>consecratione</strong></span> <span class='ocrx_word' id='word_1_55' title='bbox 627 1124 685 1167; x_wconf 89' lang='lat' dir='ltr'><strong>sua</strong></span> <span class='ocrx_word' id='word_1_56' title='bbox 706 1102 747 1168; x_wconf 94' lang='lat' dir='ltr'><strong>ab</strong></span> <span class='ocrx_word' id='word_1_57' title='bbox 770 1125 790 1166; x_wconf 93' lang='lat' dir='ltr'><strong>a</strong></span> <span class='ocrx_word' id='word_1_58' title='bbox 814 1102 946 1167; x_wconf 88' lang='lat' dir='ltr'><strong>ostolicc</strong></span> <span class='ocrx_word' id='word_1_59' title='bbox 967 1124 987 1165; x_wconf 94' lang='lat' dir='ltr'><strong>a</strong></span> <span class='ocrx_word' id='word_1_60' title='bbox 1010 1103 1054 1167; x_wconf 89' lang='lat' dir='ltr'><strong>ud</strong></span> <span class='ocrx_word' id='word_1_61' title='bbox 1068 1103 1204 1167; x_wconf 87' lang='lat' dir='ltr'><strong>Romam</strong></span> 
     </span>
     <span class='ocr_line' id='line_1_9' title="bbox 77 1124 1205 1270; baseline 0.001 -22"><span class='ocrx_word' id='word_1_62' title='bbox 77 1187 113 1249; x_wconf 91' lang='lat' dir='ltr'><strong>in</strong></span> <span class='ocrx_word' id='word_1_63' title='bbox 147 1207 300 1251; x_wconf 81' lang='lat' dir='ltr'><strong>cesarem.</strong></span> <span class='ocrx_word' id='word_1_64' title='bbox 354 1187 393 1251; x_wconf 93' lang='lat' dir='ltr'><strong>In</strong></span> <span class='ocrx_word' id='word_1_65' title='bbox 444 1209 485 1250; x_wconf 93' lang='lat' dir='ltr'><strong>uo</strong></span> <span class='ocrx_word' id='word_1_66' title='bbox 517 1187 630 1252; x_wconf 89' lang='lat' dir='ltr'><strong>itinere</strong></span> <span class='ocrx_word' id='word_1_67' title='bbox 663 1209 737 1250; x_wconf 91' lang='lat' dir='ltr'><strong>cum</strong></span> <span class='ocrx_word' id='word_1_68' title='bbox 769 1125 811 1250; x_wconf 72' lang='lat' dir='ltr'><strong>ad</strong></span> <span class='ocrx_word' id='word_1_69' title='bbox 839 1185 953 1251; x_wconf 90' lang='lat' dir='ltr'><strong>urbem</strong></span> <span class='ocrx_word' id='word_1_70' title='bbox 980 1124 1205 1270; x_wconf 64' lang='lat' dir='ltr'><strong>lugusanam</strong></span> 
     </span>
     <span class='ocr_line' id='line_1_10' title="bbox 76 1209 1203 1357; baseline 0.001 -24"><span class='ocrx_word' id='word_1_71' title='bbox 76 1271 229 1351; x_wconf 83' lang='lat' dir='ltr'><strong>venisset,</strong></span> <span class='ocrx_word' id='word_1_72' title='bbox 253 1293 324 1334; x_wconf 91' lang='lat' dir='ltr'><strong>eam</strong></span> <span class='ocrx_word' id='word_1_73' title='bbox 346 1209 481 1357; x_wconf 67' lang='lat' dir='ltr'><strong>pacidce</strong></span> <span class='ocrx_word' id='word_1_74' title='bbox 502 1272 665 1356; x_wconf 86' lang='lat' dir='ltr'><strong>ingressus</strong></span> <span class='ocrx_word' id='word_1_75' title='bbox 688 1279 750 1352; x_wconf 82' lang='lat' dir='ltr'><strong>est3</strong></span> <span class='ocrx_word' id='word_1_76' title='bbox 780 1279 828 1335; x_wconf 90' lang='lat' dir='ltr'><strong>set</strong></span> <span class='ocrx_word' id='word_1_77' title='bbox 857 1270 1057 1356; x_wconf 90' lang='lat' dir='ltr'><strong>quorundam</strong></span> <span class='ocrx_word' id='word_1_78' title='bbox 1084 1272 1203 1336; x_wconf 89' lang='lat' dir='ltr'><strong>civium</strong></span> 
     </span>
     <span class='ocr_line' id='line_1_11' title="bbox 77 1352 1204 1438; baseline 0.003 -23"><span class='ocrx_word' id='word_1_79' title='bbox 77 1352 221 1418; x_wconf 86' lang='lat' dir='ltr'><strong>factione</strong></span> <span class='ocrx_word' id='word_1_80' title='bbox 244 1353 360 1418; x_wconf 91' lang='lat' dir='ltr'><strong>seditio</strong></span> <span class='ocrx_word' id='word_1_81' title='bbox 387 1365 518 1419; x_wconf 73' lang='lat' dir='ltr'><strong>contra·</strong></span> <span class='ocrx_word' id='word_1_82' title='bbox 545 1356 649 1419; x_wconf 74' lang='lat' dir='ltr'><strong>socio·</strong></span> <span class='ocrx_word' id='word_1_83' title='bbox 678 1356 765 1438; x_wconf 85' lang='lat' dir='ltr'><strong>regis</strong></span> <span class='ocrx_word' id='word_1_84' title='bbox 792 1365 905 1419; x_wconf 90' lang='lat' dir='ltr'><strong>exorta</strong></span> <span class='ocrx_word' id='word_1_85' title='bbox 931 1365 989 1436; x_wconf 90' lang='lat' dir='ltr'><strong>est,</strong></span> <span class='ocrx_word' id='word_1_86' title='bbox 1017 1365 1049 1419; x_wconf 93' lang='lat' dir='ltr'><strong>et</strong></span> <span class='ocrx_word' id='word_1_87' title='bbox 1075 1355 1136 1418; x_wconf 91' lang='lat' dir='ltr'><strong>hac</strong></span> <span class='ocrx_word' id='word_1_88' title='bbox 1164 1353 1204 1419; x_wconf 89' lang='lat' dir='ltr'><strong>de</strong></span> 
     </span>
     <span class='ocr_line' id='line_1_12' title="bbox 80 1437 1205 1523; baseline 0.002 -23"><span class='ocrx_word' id='word_1_89' title='bbox 80 1458 181 1502; x_wconf 90' lang='lat' dir='ltr'><strong>causa</strong></span> <span class='ocrx_word' id='word_1_90' title='bbox 202 1440 369 1523; x_wconf 90' lang='lat' dir='ltr'><strong>repentino</strong></span> <span class='ocrx_word' id='word_1_91' title='bbox 395 1440 479 1523; x_wconf 85' lang='lat' dir='ltr'><strong>igne,</strong></span> <span class='ocrx_word' id='word_1_92' title='bbox 507 1441 602 1502; x_wconf 89' lang='lat' dir='ltr'><strong>utin</strong></span> <span class='ocrx_word' id='word_1_93' title='bbox 628 1437 683 1503; x_wconf 88' lang='lat' dir='ltr'><strong>tali</strong></span> <span class='ocrx_word' id='word_1_94' title='bbox 709 1437 849 1502; x_wconf 86' lang='lat' dir='ltr'><strong>tumultu</strong></span> <span class='ocrx_word' id='word_1_95' title='bbox 875 1438 945 1502; x_wconf 87' lang='lat' dir='ltr'><strong>fieri</strong></span> <span class='ocrx_word' id='word_1_96' title='bbox 972 1438 1062 1519; x_wconf 90' lang='lat' dir='ltr'><strong>solet,</strong></span> <span class='ocrx_word' id='word_1_97' title='bbox 1090 1439 1205 1503; x_wconf 83' lang='lat' dir='ltr'><strong>civitas</strong></span> 
     </span>
     <span class='ocr_line' id='line_1_13' title="bbox 77 1521 1205 1608; baseline 0.002 -24"><span class='ocrx_word' id='word_1_98' title='bbox 77 1521 147 1586; x_wconf 85' lang='lat' dir='ltr'><strong>fere</strong></span> <span class='ocrx_word' id='word_1_99' title='bbox 174 1530 243 1586; x_wconf 87' lang='lat' dir='ltr'><strong>tota</strong></span> <span class='ocrx_word' id='word_1_100' title='bbox 270 1522 489 1608; x_wconf 82' lang='lat' dir='ltr'><strong>conflagravit,</strong></span> <span class='ocrx_word' id='word_1_101' title='bbox 516 1533 549 1588; x_wconf 88' lang='lat' dir='ltr'><strong>et</strong></span> <span class='ocrx_word' id='word_1_102' title='bbox 576 1521 668 1586; x_wconf 91' lang='lat' dir='ltr'><strong>multi</strong></span> <span class='ocrx_word' id='word_1_103' title='bbox 693 1532 759 1586; x_wconf 89' lang='lat' dir='ltr'><strong>tam</strong></span> <span class='ocrx_word' id='word_1_104' title='bbox 788 1521 895 1608; x_wconf 87' lang='lat' dir='ltr'><strong>gladio</strong></span> <span class='ocrx_word' id='word_1_105' title='bbox 923 1522 1080 1587; x_wconf 67' lang='lat' dir='ltr'><strong>interlecti</strong></span> <span class='ocrx_word' id='word_1_106' title='bbox 1107 1544 1205 1608; x_wconf 91' lang='lat' dir='ltr'><strong>quam</strong></span> 
     </span>
     <span class='ocr_line' id='line_1_14' title="bbox 78 1605 433 1690; baseline 0.006 -22"><span class='ocrx_word' id='word_1_107' title='bbox 78 1607 157 1690; x_wconf 87' lang='lat' dir='ltr'><strong>igne</strong></span> <span class='ocrx_word' id='word_1_108' title='bbox 180 1605 328 1670; x_wconf 86' lang='lat' dir='ltr'><strong>suffocati</strong></span> <span class='ocrx_word' id='word_1_109' title='bbox 350 1616 433 1671; x_wconf 94' lang='lat' dir='ltr'><strong>sunt.</strong></span> 
     </span>
    </p>

    <p class='ocr_par' dir='ltr' id='par_1_5' title="bbox 460 1689 826 1754">
     <span class='ocr_line' id='line_1_15' title="bbox 460 1689 826 1754; baseline 0.003 -1"><span class='ocrx_word' id='word_1_110' title='bbox 460 1689 555 1753; x_wconf 90' lang='lat' dir='ltr'><strong>Anno</strong></span> <span class='ocrx_word' id='word_1_111' title='bbox 578 1689 711 1752; x_wconf 88' lang='lat' dir='ltr'><strong>Domini</strong></span> <span class='ocrx_word' id='word_1_112' title='bbox 734 1690 826 1754; x_wconf 86' lang='lat'><strong>1133.</strong></span> 
     </span>
    </p>

    <p class='ocr_par' dir='ltr' id='par_1_6' title="bbox 79 1771 1313 2613">
     <span class='ocr_line' id='line_1_16' title="bbox 155 1771 1203 1858; baseline 0 -22"><span class='ocrx_word' id='word_1_113' title='bbox 155 1771 228 1838; x_wconf 86' lang='lat' dir='ltr'><strong>Rex</strong></span> <span class='ocrx_word' id='word_1_114' title='bbox 249 1772 387 1838; x_wconf 86' lang='lat' dir='ltr'><strong>natalem</strong></span> <span class='ocrx_word' id='word_1_115' title='bbox 409 1773 544 1837; x_wconf 92' lang='lat' dir='ltr'><strong>Domini</strong></span> <span class='ocrx_word' id='word_1_116' title='bbox 564 1774 599 1836; x_wconf 93' lang='lat' dir='ltr'><strong>in</strong></span> <span class='ocrx_word' id='word_1_117' title='bbox 614 1773 686 1836; x_wconf 91' lang='lat' dir='ltr'><strong>Lon</strong></span> <span class='ocrx_word' id='word_1_118' title='bbox 710 1772 844 1836; x_wconf 86' lang='lat' dir='ltr'><strong>obardia</strong></span> <span class='ocrx_word' id='word_1_119' title='bbox 865 1773 952 1858; x_wconf 88' lang='lat' dir='ltr'><strong>apud</strong></span> <span class='ocrx_word' id='word_1_120' title='bbox 973 1771 1082 1836; x_wconf 92' lang='lat' dir='ltr'><strong>villam</strong></span> <span class='ocrx_word' id='word_1_121' title='bbox 1103 1771 1203 1836; x_wconf 90' lang='lat' dir='ltr'><strong>Medi-</strong></span> 
     </span>
     <span class='ocr_line' id='line_1_17' title="bbox 80 1795 1204 1942; baseline 0 -22"><span class='ocrx_word' id='word_1_122' title='bbox 80 1857 189 1920; x_wconf 84' lang='lat' dir='ltr'><strong>cinam</strong></span> <span class='ocrx_word' id='word_1_123' title='bbox 220 1856 338 1921; x_wconf 88' lang='lat' dir='ltr'><strong>dictam</strong></span> <span class='ocrx_word' id='word_1_124' title='bbox 367 1855 516 1922; x_wconf 87' lang='lat' dir='ltr'><strong>celebrat.</strong></span> <span class='ocrx_word' id='word_1_125' title='bbox 559 1858 622 1922; x_wconf 88' lang='lat' dir='ltr'><strong>Per</strong></span> <span class='ocrx_word' id='word_1_126' title='bbox 642 1795 769 1921; x_wconf 71' lang='lat' dir='ltr'><strong>Italiam</strong></span> <span class='ocrx_word' id='word_1_127' title='bbox 819 1855 949 1942; x_wconf 92' lang='lat' dir='ltr'><strong>leraque</strong></span> <span class='ocrx_word' id='word_1_128' title='bbox 979 1857 1101 1920; x_wconf 90' lang='lat' dir='ltr'><strong>munita</strong></span> <span class='ocrx_word' id='word_1_129' title='bbox 1131 1854 1204 1921; x_wconf 89' lang='lat' dir='ltr'><strong>loca</strong></span> 
     </span>
     <span class='ocr_line' id='line_1_18' title="bbox 79 1879 1313 2026; baseline -0.001 -22"><span class='ocrx_word' id='word_1_130' title='bbox 79 1940 144 2005; x_wconf 91' lang='lat' dir='ltr'><strong>sibi</strong></span> <span class='ocrx_word' id='word_1_131' title='bbox 175 1940 355 2005; x_wconf 81' lang='lat' dir='ltr'><strong>resistentia</strong></span> <span class='ocrx_word' id='word_1_132' title='bbox 382 1943 478 2026; x_wconf 89' lang='lat' dir='ltr'><strong>capit.</strong></span> <span class='ocrx_word' id='word_1_133' title='bbox 522 1939 668 2004; x_wconf 88' lang='lat' dir='ltr'><strong>Tandem</strong></span> <span class='ocrx_word' id='word_1_134' title='bbox 699 1943 729 2004; x_wconf 77' lang='lat'><strong>⁶2.</strong></span> <span class='ocrx_word' id='word_1_135' title='bbox 750 1879 824 2002; x_wconf 79' lang='lat' dir='ltr'><strong>Kal.</strong></span> <span class='ocrx_word' id='word_1_136' title='bbox 852 1941 928 2004; x_wconf 89' lang='lat' dir='ltr'><strong>Mai.</strong></span> <span class='ocrx_word' id='word_1_137' title='bbox 959 1939 1096 2004; x_wconf 90' lang='lat' dir='ltr'><strong>Romam</strong></span> <span class='ocrx_word' id='word_1_138' title='bbox 1129 1961 1313 2022; x_wconf 51' lang='lat' dir='ltr'><strong>cumipse,</strong></span> 
     </span>
     <span class='ocr_line' id='line_1_19' title="bbox 79 2023 1294 2171; baseline 0 -83"><span class='ocrx_word' id='word_1_139' title='bbox 79 2045 208 2088; x_wconf 87' lang='lat' dir='ltr'><strong>summo</strong></span> <span class='ocrx_word' id='word_1_140' title='bbox 235 2025 344 2089; x_wconf 87' lang='lat' dir='ltr'><strong>favore</strong></span> <span class='ocrx_word' id='word_1_141' title='bbox 372 2023 550 2109; x_wconf 84' lang='lat' dir='ltr'><strong>ingreditur</strong></span> <span class='ocrx_word' id='word_1_142' title='bbox 578 2023 687 2109; x_wconf 87' lang='lat' dir='ltr'><strong>ibique</strong></span> <span class='ocrx_word' id='word_1_143' title='bbox 716 2024 746 2088; x_wconf 79' lang='lat'><strong>2.</strong></span> <span class='ocrx_word' id='word_1_144' title='bbox 773 2024 882 2088; x_wconf 88' lang='lat' dir='ltr'><strong>Nonas</strong></span> <span class='ocrx_word' id='word_1_145' title='bbox 908 2024 1004 2106; x_wconf 90' lang='lat' dir='ltr'><strong>Iunii,</strong></span> <span class='ocrx_word' id='word_1_146' title='bbox 1037 2045 1100 2171; x_wconf 71' lang='lat' dir='ltr'><strong>une</strong></span> <span class='ocrx_word' id='word_1_147' title='bbox 1125 2033 1294 2090; x_wconf 68' lang='lat' dir='ltr'><strong>tuncrum.</strong></span> 
     </span>
     <span class='ocr_line' id='line_1_20' title="bbox 80 2106 1203 2190; baseline 0.001 -19"><span class='ocrx_word' id='word_1_148' title='bbox 80 2107 175 2171; x_wconf 72' lang='lat' dir='ltr'><strong>diesl</strong></span> <span class='ocrx_word' id='word_1_149' title='bbox 197 2107 359 2172; x_wconf 88' lang='lat' dir='ltr'><strong>dominica</strong></span> <span class='ocrx_word' id='word_1_150' title='bbox 381 2109 511 2190; x_wconf 86' lang='lat' dir='ltr'><strong>exstitit,</strong></span> <span class='ocrx_word' id='word_1_151' title='bbox 531 2107 700 2172; x_wconf 85' lang='lat' dir='ltr'><strong>Lateranis</strong></span> <span class='ocrx_word' id='word_1_152' title='bbox 723 2108 758 2170; x_wconf 94' lang='lat' dir='ltr'><strong>in</strong></span> <span class='ocrx_word' id='word_1_153' title='bbox 779 2106 913 2173; x_wconf 85' lang='lat' dir='ltr'><strong>basilica</strong></span> <span class='ocrx_word' id='word_1_154' title='bbox 935 2108 1038 2171; x_wconf 73' lang='lat' dir='ltr'><strong>sancti</strong></span> <span class='ocrx_word' id='word_1_155' title='bbox 1069 2107 1203 2173; x_wconf 89' lang='lat' dir='ltr'><strong>ohannis</strong></span> 
     </span>
     <span class='ocr_line' id='line_1_21' title="bbox 79 2189 1202 2276; baseline 0.004 -22"><span class='ocrx_word' id='word_1_156' title='bbox 79 2189 222 2276; x_wconf 88' lang='lat' dir='ltr'><strong>baptiste</strong></span> <span class='ocrx_word' id='word_1_157' title='bbox 232 2212 252 2254; x_wconf 92' lang='lat' dir='ltr'><strong>a</strong></span> <span class='ocrx_word' id='word_1_158' title='bbox 263 2191 381 2256; x_wconf 89' lang='lat' dir='ltr'><strong>domno</strong></span> <span class='ocrx_word' id='word_1_159' title='bbox 395 2215 415 2256; x_wconf 90' lang='lat' dir='ltr'><strong>a</strong></span> <span class='ocrx_word' id='word_1_160' title='bbox 438 2190 570 2256; x_wconf 87' lang='lat' dir='ltr'><strong>ostolico</strong></span> <span class='ocrx_word' id='word_1_161' title='bbox 586 2193 773 2256; x_wconf 81' lang='lat' dir='ltr'><strong>Innocentio</strong></span> <span class='ocrx_word' id='word_1_162' title='bbox 788 2192 822 2254; x_wconf 87' lang='lat' dir='ltr'><strong>in</strong></span> <span class='ocrx_word' id='word_1_163' title='bbox 837 2213 979 2256; x_wconf 79' lang='lat' dir='ltr'><strong>cesarem</strong></span> <span class='ocrx_word' id='word_1_164' title='bbox 990 2202 1202 2259; x_wconf 89' lang='lat' dir='ltr'><strong>consecratur.</strong></span> 
     </span>
     <span class='ocr_line' id='line_1_22' title="bbox 80 2213 1203 2374; baseline 0.002 -36"><span class='ocrx_word' id='word_1_165' title='bbox 80 2274 267 2339; x_wconf 87' lang='lat' dir='ltr'><strong>Bernardus</strong></span> <span class='ocrx_word' id='word_1_166' title='bbox 296 2213 584 2340; x_wconf 56' lang='lat' dir='ltr'><strong>Patberiurnensis</strong></span> <span class='ocrx_word' id='word_1_167' title='bbox 618 2277 798 2374; x_wconf 88' lang='lat' dir='ltr'><strong>episcopus,</strong></span> <span class='ocrx_word' id='word_1_168' title='bbox 832 2277 887 2362; x_wconf 88' lang='lat' dir='ltr'><strong>qui</strong></span> <span class='ocrx_word' id='word_1_169' title='bbox 917 2285 995 2340; x_wconf 92' lang='lat' dir='ltr'><strong>tunc</strong></span> <span class='ocrx_word' id='word_1_170' title='bbox 1025 2298 1100 2339; x_wconf 91' lang='lat' dir='ltr'><strong>cum</strong></span> <span class='ocrx_word' id='word_1_171' title='bbox 1127 2298 1203 2360; x_wconf 86' lang='lat' dir='ltr'><strong>rege</strong></span> 
     </span>
     <span class='ocr_line' id='line_1_23' title="bbox 80 2358 1203 2440; baseline 0.003 -18"><span class='ocrx_word' id='word_1_172' title='bbox 80 2359 203 2440; x_wconf 85' lang='lat' dir='ltr'><strong>aderat,</strong></span> <span class='ocrx_word' id='word_1_173' title='bbox 226 2381 320 2422; x_wconf 89' lang='lat' dir='ltr'><strong>usum</strong></span> <span class='ocrx_word' id='word_1_174' title='bbox 342 2361 505 2424; x_wconf 91' lang='lat' dir='ltr'><strong>rationalis</strong></span> <span class='ocrx_word' id='word_1_175' title='bbox 527 2361 561 2422; x_wconf 94' lang='lat' dir='ltr'><strong>in</strong></span> <span class='ocrx_word' id='word_1_176' title='bbox 583 2358 849 2424; x_wconf 83' lang='lat' dir='ltr'><strong>celebrationibus</strong></span> <span class='ocrx_word' id='word_1_177' title='bbox 874 2360 1066 2423; x_wconf 79' lang='lat' dir='ltr'><strong>missarum⁰</strong></span> <span class='ocrx_word' id='word_1_178' title='bbox 1089 2361 1203 2425; x_wconf 89' lang='lat' dir='ltr'><strong>consti-</strong></span> 
     </span>
     <span class='ocr_line' id='line_1_24' title="bbox 80 2442 1202 2528; baseline 0.001 -22"><span class='ocrx_word' id='word_1_179' title='bbox 80 2444 159 2506; x_wconf 87' lang='lat' dir='ltr'><strong>tutis</strong></span> <span class='ocrx_word' id='word_1_180' title='bbox 181 2442 381 2528; x_wconf 86' lang='lat' dir='ltr'><strong>temporibus</strong></span> <span class='ocrx_word' id='word_1_181' title='bbox 403 2446 482 2508; x_wconf 90' lang='lat' dir='ltr'><strong>etin</strong></span> <span class='ocrx_word' id='word_1_182' title='bbox 497 2442 791 2508; x_wconf 88' lang='lat' dir='ltr'><strong>consecrationibus</strong></span> <span class='ocrx_word' id='word_1_183' title='bbox 806 2442 1033 2508; x_wconf 82' lang='lat' dir='ltr'><strong>aecclesiarum</strong></span> <span class='ocrx_word' id='word_1_184' title='bbox 1048 2466 1106 2508; x_wconf 89' lang='lat' dir='ltr'><strong>seu</strong></span> <span class='ocrx_word' id='word_1_185' title='bbox 1121 2444 1202 2509; x_wconf 89' lang='lat' dir='ltr'><strong>ordi-</strong></span> 
     </span>
     <span class='ocr_line' id='line_1_25' title="bbox 79 2525 1202 2613; baseline 0.003 -24"><span class='ocrx_word' id='word_1_186' title='bbox 79 2526 266 2589; x_wconf 89' lang='lat' dir='ltr'><strong>nationibus</strong></span> <span class='ocrx_word' id='word_1_187' title='bbox 288 2525 595 2592; x_wconf 90' lang='lat' dir='ltr'><strong>aecclesiasticorum</strong></span> <span class='ocrx_word' id='word_1_188' title='bbox 617 2527 777 2612; x_wconf 86' lang='lat' dir='ltr'><strong>graduum</strong></span> <span class='ocrx_word' id='word_1_189' title='bbox 797 2528 832 2590; x_wconf 90' lang='lat' dir='ltr'><strong>in</strong></span> <span class='ocrx_word' id='word_1_190' title='bbox 854 2528 984 2612; x_wconf 90' lang='lat' dir='ltr'><strong>proprio</strong></span> <span class='ocrx_word' id='word_1_191' title='bbox 999 2536 1122 2592; x_wconf 87' lang='lat' dir='ltr'><strong>tantum</strong></span> <span class='ocrx_word' id='word_1_192' title='bbox 1137 2529 1202 2613; x_wconf 93' lang='lat' dir='ltr'><strong>epi-</strong></span> 
     </span>
    </p>
   </div>
   <div class='ocr_carea' id='block_1_4' title="bbox 421 2669 862 2725">
    <p class='ocr_par' dir='ltr' id='par_1_7' title="bbox 421 2669 862 2725">
     <span class='ocr_line' id='line_1_26' title="bbox 421 2669 862 2725; baseline -0.005 -2"><span class='ocrx_word' id='word_1_193' title='bbox 421 2671 586 2725; x_wconf 80' lang='lat' dir='ltr'><strong>Rcceaar&#39;o</strong></span> <span class='ocrx_word' id='word_1_194' title='bbox 602 2671 644 2724; x_wconf 91' lang='grc' dir='ltr'><strong>ΙΙ.</strong></span> <span class='ocrx_word' id='word_1_195' title='bbox 665 2673 759 2724; x_wconf 84' lang='lat' dir='ltr'><strong>codd.</strong></span> <span class='ocrx_word' id='word_1_196' title='bbox 778 2672 814 2723; x_wconf 93' lang='grc' dir='ltr'><strong>Β.</strong></span> <span class='ocrx_word' id='word_1_197' title='bbox 835 2669 862 2722; x_wconf 83' lang='grc'><strong>0.</strong></span> 
     </span>
    </p>
   </div>
   <div class='ocr_carea' id='block_1_5' title="bbox 72 2754 1202 3597">
    <p class='ocr_par' dir='ltr' id='par_1_8' title="bbox 72 2754 1202 3597">
     <span class='ocr_line' id='line_1_27' title="bbox 76 2754 1202 2842; baseline 0.003 -23"><span class='ocrx_word' id='word_1_198' title='bbox 76 2757 110 2819; x_wconf 94' lang='lat' dir='ltr'><strong>in</strong></span> <span class='ocrx_word' id='word_1_199' title='bbox 140 2754 298 2820; x_wconf 86' lang='lat' dir='ltr'><strong>electione</strong></span> <span class='ocrx_word' id='word_1_200' title='bbox 324 2755 445 2820; x_wconf 89' lang='lat' dir='ltr'><strong>domini</strong></span> <span class='ocrx_word' id='word_1_201' title='bbox 468 2755 637 2822; x_wconf 82' lang='lat' dir='ltr'><strong>Godefridi</strong></span> <span class='ocrx_word' id='word_1_202' title='bbox 660 2757 824 2822; x_wconf 84' lang='lat' dir='ltr'><strong>Santonsis</strong></span> <span class='ocrx_word' id='word_1_203' title='bbox 853 2757 1017 2842; x_wconf 90' lang='lat' dir='ltr'><strong>prepositi,</strong></span> <span class='ocrx_word' id='word_1_204' title='bbox 1039 2756 1202 2842; x_wconf 84' lang='lat' dir='ltr'><strong>presiden-</strong></span> 
     </span>
     <span class='ocr_line' id='line_1_28' title="bbox 77 2838 1201 2924; baseline 0 -20"><span class='ocrx_word' id='word_1_205' title='bbox 77 2839 165 2904; x_wconf 92' lang='lat' dir='ltr'><strong>tibus</strong></span> <span class='ocrx_word' id='word_1_206' title='bbox 180 2839 284 2904; x_wconf 88' lang='lat' dir='ltr'><strong>tribus</strong></span> <span class='ocrx_word' id='word_1_207' title='bbox 300 2840 526 2920; x_wconf 88' lang='lat' dir='ltr'><strong>cardinalibus,</strong></span> <span class='ocrx_word' id='word_1_208' title='bbox 538 2850 646 2906; x_wconf 88' lang='lat' dir='ltr'><strong>sancte</strong></span> <span class='ocrx_word' id='word_1_209' title='bbox 657 2841 821 2906; x_wconf 88' lang='lat' dir='ltr'><strong>Romanae</strong></span> <span class='ocrx_word' id='word_1_210' title='bbox 837 2839 972 2905; x_wconf 88' lang='lat' dir='ltr'><strong>ecclesie</strong></span> <span class='ocrx_word' id='word_1_211' title='bbox 986 2838 1110 2924; x_wconf 85' lang='lat' dir='ltr'><strong>legatis,</strong></span> <span class='ocrx_word' id='word_1_212' title='bbox 1122 2839 1201 2904; x_wconf 91' lang='lat' dir='ltr'><strong>Wil-</strong></span> 
     </span>
     <span class='ocr_line' id='line_1_29' title="bbox 75 2922 1201 3012; baseline -0.001 -24"><span class='ocrx_word' id='word_1_213' title='bbox 75 2922 208 2988; x_wconf 74' lang='lat' dir='ltr'><strong>helmo‘l</strong></span> <span class='ocrx_word' id='word_1_214' title='bbox 223 2923 362 2988; x_wconf 80' lang='lat' dir='ltr'><strong>scilicet⁰</strong></span> <span class='ocrx_word' id='word_1_215' title='bbox 377 2926 565 2990; x_wconf 87' lang='lat' dir='ltr'><strong>Prenestino</strong></span> <span class='ocrx_word' id='word_1_216' title='bbox 581 2926 742 3012; x_wconf 89' lang='lat' dir='ltr'><strong>episcopo,</strong></span> <span class='ocrx_word' id='word_1_217' title='bbox 765 2923 916 3006; x_wconf 90' lang='lat' dir='ltr'><strong>Widone,</strong></span> <span class='ocrx_word' id='word_1_218' title='bbox 940 2925 995 3011; x_wconf 92' lang='lat' dir='ltr'><strong>qui</strong></span> <span class='ocrx_word' id='word_1_219' title='bbox 1012 2925 1201 2988; x_wconf 90' lang='lat' dir='ltr'><strong>Innocentio</strong></span> 
     </span>
     <span class='ocr_line' id='line_1_30' title="bbox 74 3007 1200 3094; baseline 0.002 -24"><span class='ocrx_word' id='word_1_220' title='bbox 74 3007 201 3072; x_wconf 90' lang='lat' dir='ltr'><strong>Romae</strong></span> <span class='ocrx_word' id='word_1_221' title='bbox 232 3009 396 3089; x_wconf 87' lang='lat' dir='ltr'><strong>successit,</strong></span> <span class='ocrx_word' id='word_1_222' title='bbox 426 3018 459 3073; x_wconf 90' lang='lat' dir='ltr'><strong>et</strong></span> <span class='ocrx_word' id='word_1_223' title='bbox 479 3008 621 3075; x_wconf 88' lang='lat' dir='ltr'><strong>Iohanne</strong></span> <span class='ocrx_word' id='word_1_224' title='bbox 643 3008 811 3074; x_wconf 78' lang='lat' dir='ltr'><strong>Cremensi</strong></span> <span class='ocrx_word' id='word_1_225' title='bbox 840 3010 1003 3094; x_wconf 62' lang='lat' dir='ltr'><strong>piscopo.</strong></span> <span class='ocrx_word' id='word_1_226' title='bbox 1055 3009 1200 3072; x_wconf 82' lang='lat' dir='ltr'><strong>Tandem</strong></span> 
     </span>
     <span class='ocr_line' id='line_1_31' title="bbox 73 3031 1200 3179; baseline 0.001 -25"><span class='ocrx_word' id='word_1_227' title='bbox 73 3091 197 3156; x_wconf 89' lang='lat' dir='ltr'><strong>iudicio</strong></span> <span class='ocrx_word' id='word_1_228' title='bbox 220 3094 306 3177; x_wconf 84' lang='lat' dir='ltr'><strong>regis</strong></span> <span class='ocrx_word' id='word_1_229' title='bbox 328 3101 360 3156; x_wconf 87' lang='lat' dir='ltr'><strong>et</strong></span> <span class='ocrx_word' id='word_1_230' title='bbox 379 3093 483 3177; x_wconf 90' lang='lat' dir='ltr'><strong>princi</strong></span> <span class='ocrx_word' id='word_1_231' title='bbox 508 3115 562 3156; x_wconf 91' lang='lat' dir='ltr'><strong>um</strong></span> <span class='ocrx_word' id='word_1_232' title='bbox 584 3102 616 3157; x_wconf 89' lang='lat' dir='ltr'><strong>et</strong></span> <span class='ocrx_word' id='word_1_233' title='bbox 636 3095 781 3179; x_wconf 91' lang='lat' dir='ltr'><strong>ipsorum</strong></span> <span class='ocrx_word' id='word_1_234' title='bbox 804 3031 1013 3157; x_wconf 69' lang='lat' dir='ltr'><strong>cardinalium</strong></span> <span class='ocrx_word' id='word_1_235' title='bbox 1034 3092 1075 3156; x_wconf 89' lang='lat' dir='ltr'><strong>ad</strong></span> <span class='ocrx_word' id='word_1_236' title='bbox 1090 3094 1200 3155; x_wconf 89' lang='lat' dir='ltr'><strong>unani-</strong></span> 
     </span>
     <span class='ocr_line' id='line_1_32' title="bbox 73 3116 1200 3262; baseline 0.002 -24"><span class='ocrx_word' id='word_1_237' title='bbox 73 3177 223 3240; x_wconf 89' lang='lat' dir='ltr'><strong>mitatem</strong></span> <span class='ocrx_word' id='word_1_238' title='bbox 251 3174 387 3240; x_wconf 87' lang='lat' dir='ltr'><strong>ecclesia</strong></span> <span class='ocrx_word' id='word_1_239' title='bbox 407 3116 604 3262; x_wconf 63' lang='lat' dir='ltr'><strong>perdetur,</strong></span> <span class='ocrx_word' id='word_1_240' title='bbox 632 3178 682 3241; x_wconf 72' lang='lat' dir='ltr'><strong>etf</strong></span> <span class='ocrx_word' id='word_1_241' title='bbox 703 3179 822 3241; x_wconf 85' lang='lat' dir='ltr'><strong>saniori</strong></span> <span class='ocrx_word' id='word_1_242' title='bbox 850 3174 994 3258; x_wconf 90' lang='lat' dir='ltr'><strong>consilio,</strong></span> <span class='ocrx_word' id='word_1_243' title='bbox 1023 3174 1200 3240; x_wconf 82' lang='lat' dir='ltr'><strong>chefrido</strong></span> 
     </span>
     <span class='ocr_line' id='line_1_33' title="bbox 74 3258 1199 3347; baseline 0 -23"><span class='ocrx_word' id='word_1_244' title='bbox 74 3269 234 3339; x_wconf 87' lang='lat' dir='ltr'><strong>cessante,</strong></span> <span class='ocrx_word' id='word_1_245' title='bbox 265 3259 401 3325; x_wconf 89' lang='lat' dir='ltr'><strong>domnus</strong></span> <span class='ocrx_word' id='word_1_246' title='bbox 424 3262 543 3341; x_wconf 92' lang='lat' dir='ltr'><strong>Bruno,</strong></span> <span class='ocrx_word' id='word_1_247' title='bbox 572 3262 755 3347; x_wconf 90' lang='lat' dir='ltr'><strong>prepositus</strong></span> <span class='ocrx_word' id='word_1_248' title='bbox 779 3261 890 3326; x_wconf 86' lang='lat' dir='ltr'><strong>Sancti</strong></span> <span class='ocrx_word' id='word_1_249' title='bbox 913 3259 1079 3339; x_wconf 74' lang='lat' dir='ltr'><strong>Gereonio,</strong></span> <span class='ocrx_word' id='word_1_250' title='bbox 1108 3258 1199 3324; x_wconf 85' lang='lat' dir='ltr'><strong>Oolo-</strong></span> 
     </span>
     <span class='ocr_line' id='line_1_34' title="bbox 73 3342 1200 3428; baseline 0.001 -22"><span class='ocrx_word' id='word_1_251' title='bbox 73 3344 181 3408; x_wconf 89' lang='lat' dir='ltr'><strong>niensi</strong></span> <span class='ocrx_word' id='word_1_252' title='bbox 204 3342 375 3409; x_wconf 88' lang='lat' dir='ltr'><strong>cathedrae</strong></span> <span class='ocrx_word' id='word_1_253' title='bbox 395 3345 613 3410; x_wconf 85' lang='lat' dir='ltr'><strong>intronizatur.</strong></span> <span class='ocrx_word' id='word_1_254' title='bbox 649 3343 782 3410; x_wconf 83' lang='lat' dir='ltr'><strong>interim</strong></span> <span class='ocrx_word' id='word_1_255' title='bbox 804 3344 880 3409; x_wconf 92' lang='lat' dir='ltr'><strong>dum</strong></span> <span class='ocrx_word' id='word_1_256' title='bbox 902 3343 962 3408; x_wconf 91' lang='lat' dir='ltr'><strong>hec</strong></span> <span class='ocrx_word' id='word_1_257' title='bbox 979 3343 1106 3428; x_wconf 86' lang='lat' dir='ltr'><strong>agenda</strong></span> <span class='ocrx_word' id='word_1_258' title='bbox 1120 3352 1200 3408; x_wconf 91' lang='lat' dir='ltr'><strong>trac-</strong></span> 
     </span>
     <span class='ocr_line' id='line_1_35' title="bbox 72 3425 1199 3514; baseline 0.002 -24"><span class='ocrx_word' id='word_1_259' title='bbox 72 3436 203 3507; x_wconf 74' lang='lat' dir='ltr'><strong>tantur,</strong></span> <span class='ocrx_word' id='word_1_260' title='bbox 240 3443 396 3494; x_wconf 72' lang='lat' dir='ltr'><strong>Ekbertust</strong></span> <span class='ocrx_word' id='word_1_261' title='bbox 428 3445 648 3496; x_wconf 85' lang='lat' dir='ltr'><strong>Monasterieasis</strong></span> <span class='ocrx_word' id='word_1_262' title='bbox 686 3447 845 3514; x_wconf 72' lang='lat' dir='ltr'><strong>eiscopus,</strong></span> <span class='ocrx_word' id='word_1_263' title='bbox 882 3429 1021 3513; x_wconf 82' lang='lat' dir='ltr'><strong>primum</strong></span> <span class='ocrx_word' id='word_1_264' title='bbox 1058 3425 1199 3492; x_wconf 80' lang='lat' dir='ltr'><strong>decanus</strong></span> 
     </span>
     <span class='ocr_line' id='line_1_36' title="bbox 73 3462 1199 3597; baseline 0.002 -23"><span class='ocrx_word' id='word_1_265' title='bbox 73 3510 208 3575; x_wconf 90' lang='lat' dir='ltr'><strong>maioris</strong></span> <span class='ocrx_word' id='word_1_266' title='bbox 231 3509 405 3574; x_wconf 86' lang='lat' dir='ltr'><strong>aecclesiae</strong></span> <span class='ocrx_word' id='word_1_267' title='bbox 427 3511 533 3576; x_wconf 88' lang='lat' dir='ltr'><strong>beatih</strong></span> <span class='ocrx_word' id='word_1_268' title='bbox 547 3512 635 3576; x_wconf 89' lang='lat' dir='ltr'><strong>Petri</strong></span> <span class='ocrx_word' id='word_1_269' title='bbox 657 3462 866 3592; x_wconf 80' lang='lat' dir='ltr'><strong>Coloniensis,</strong></span> <span class='ocrx_word' id='word_1_270' title='bbox 889 3513 945 3597; x_wconf 93' lang='lat' dir='ltr'><strong>qui</strong></span> <span class='ocrx_word' id='word_1_271' title='bbox 966 3512 1041 3576; x_wconf 92' lang='lat' dir='ltr'><strong>huic</strong></span> <span class='ocrx_word' id='word_1_272' title='bbox 1063 3510 1199 3576; x_wconf 89' lang='lat' dir='ltr'><strong>concilio</strong></span> 
     </span>
    </p>
   </div>
   <div class='ocr_carea' id='block_1_6' title="bbox 73 3597 1199 3675">
    <p class='ocr_par' dir='ltr' id='par_1_9' title="bbox 73 3597 1199 3675">
     <span class='ocr_line' id='line_1_37' title="bbox 73 3597 1199 3675; baseline 0 -17"><span class='ocrx_word' id='word_1_273' title='bbox 73 3597 247 3673; x_wconf 79' lang='lat' dir='ltr'><strong>intererat,</strong></span> <span class='ocrx_word' id='word_1_274' title='bbox 284 3607 401 3658; x_wconf 88' lang='lat' dir='ltr'><strong>ibidem</strong></span> <span class='ocrx_word' id='word_1_275' title='bbox 437 3607 584 3658; x_wconf 86' lang='lat' dir='ltr'><strong>infirmatus</strong></span> <span class='ocrx_word' id='word_1_276' title='bbox 614 3609 781 3671; x_wconf 89' lang='lat' dir='ltr'><strong>moritur,</strong></span> <span class='ocrx_word' id='word_1_277' title='bbox 812 3613 1015 3675; x_wconf 84' lang='lat' dir='ltr'><strong>reportatusque</strong></span> <span class='ocrx_word' id='word_1_278' title='bbox 1044 3609 1079 3659; x_wconf 88' lang='lat' dir='ltr'><strong>ad</strong></span> <span class='ocrx_word' id='word_1_279' title='bbox 1108 3609 1199 3659; x_wconf 88' lang='lat' dir='ltr'><strong>sedem</strong></span> 
     </span>
    </p>
   </div>
   <div class='ocr_carea' id='block_1_7' title="bbox 74 3683 1198 3827">
    <p class='ocr_par' dir='ltr' id='par_1_10' title="bbox 74 3683 1198 3827">
     <span class='ocr_line' id='line_1_38' title="bbox 74 3683 726 3747; baseline 0 -11"><span class='ocrx_word' id='word_1_280' title='bbox 74 3701 159 3747; x_wconf 87' lang='lat' dir='ltr'><strong>suam,</strong></span> <span class='ocrx_word' id='word_1_281' title='bbox 179 3683 338 3746; x_wconf 75' lang='lat' dir='ltr'><strong>tumulatur-3</strong></span> <span class='ocrx_word' id='word_1_282' title='bbox 360 3687 405 3735; x_wconf 87' lang='lat' dir='ltr'><strong>cui</strong></span> <span class='ocrx_word' id='word_1_283' title='bbox 423 3686 568 3736; x_wconf 86' lang='lat' dir='ltr'><strong>Wernerus</strong></span> <span class='ocrx_word' id='word_1_284' title='bbox 587 3687 726 3737; x_wconf 86' lang='lat' dir='ltr'><strong>successit.</strong></span> 
     </span>
     <span class='ocr_line' id='line_1_39' title="bbox 148 3758 1198 3827; baseline 0.003 -19"><span class='ocrx_word' id='word_1_285' title='bbox 148 3758 395 3808; x_wconf 82' lang='lat' dir='ltr'><strong>Vehementissima</strong></span> <span class='ocrx_word' id='word_1_286' title='bbox 420 3761 462 3809; x_wconf 88' lang='lat' dir='ltr'><strong>vis</strong></span> <span class='ocrx_word' id='word_1_287' title='bbox 486 3763 625 3810; x_wconf 86' lang='lat' dir='ltr'><strong>ventorum</strong></span> <span class='ocrx_word' id='word_1_288' title='bbox 653 3760 793 3809; x_wconf 88' lang='lat' dir='ltr'><strong>innumera</strong></span> <span class='ocrx_word' id='word_1_289' title='bbox 823 3758 929 3810; x_wconf 85' lang='lat' dir='ltr'><strong>edificia</strong></span> <span class='ocrx_word' id='word_1_290' title='bbox 956 3760 1068 3811; x_wconf 86' lang='lat' dir='ltr'><strong>subruit.</strong></span> <span class='ocrx_word' id='word_1_291' title='bbox 1116 3761 1198 3827; x_wconf 86' lang='lat' dir='ltr'><strong>Ipso</strong></span> 
     </span>
    </p>
   </div>
   <div class='ocr_carea' id='block_1_8' title="bbox 3 3807 809 3898">
    <p class='ocr_par' dir='ltr' id='par_1_11' title="bbox 3 3807 809 3898">
     <span class='ocr_line' id='line_1_40' title="bbox 3 3807 809 3898; baseline 0.002 -18"><span class='ocrx_word' id='word_1_292' title='bbox 3 3807 4 3828; x_wconf 45' lang='lat'><strong>³</strong></span> <span class='ocrx_word' id='word_1_293' title='bbox 75 3846 166 3882; x_wconf 88' lang='lat' dir='ltr'><strong>anno</strong></span> <span class='ocrx_word' id='word_1_294' title='bbox 189 3830 334 3881; x_wconf 80' lang='lat' dir='ltr'><strong>elevatum</strong></span> <span class='ocrx_word' id='word_1_295' title='bbox 354 3837 405 3882; x_wconf 86' lang='lat' dir='ltr'><strong>est</strong></span> <span class='ocrx_word' id='word_1_296' title='bbox 425 3846 522 3898; x_wconf 81' lang='lat' dir='ltr'><strong>corpus</strong></span> <span class='ocrx_word' id='word_1_297' title='bbox 539 3833 626 3882; x_wconf 85' lang='lat' dir='ltr'><strong>sancti</strong></span> <span class='ocrx_word' id='word_1_298' title='bbox 645 3831 809 3883; x_wconf 85' lang='lat' dir='ltr'><strong>Godehardi.</strong></span> 
     </span>
    </p>
   </div>
   <div class='ocr_carea' id='block_1_9' title="bbox 422 3897 861 3963">
    <p class='ocr_par' dir='ltr' id='par_1_12' title="bbox 422 3897 861 3963">
     <span class='ocr_line' id='line_1_41' title="bbox 422 3897 861 3963; baseline 0 -3"><span class='ocrx_word' id='word_1_299' title='bbox 422 3898 451 3960; x_wconf 88' lang='grc'><strong>9.</strong></span> <span class='ocrx_word' id='word_1_300' title='bbox 495 3897 589 3962; x_wconf 87' lang='lat' dir='ltr'><strong>Anno</strong></span> <span class='ocrx_word' id='word_1_301' title='bbox 611 3898 745 3962; x_wconf 91' lang='lat' dir='ltr'><strong>Domini</strong></span> <span class='ocrx_word' id='word_1_302' title='bbox 769 3898 861 3963; x_wconf 87' lang='lat'><strong>1133.</strong></span> 
     </span>
    </p>
   </div>
   <div class='ocr_carea' id='block_1_10' title="bbox 149 3979 1198 4128">
    <p class='ocr_par' dir='ltr' id='par_1_13' title="bbox 149 3979 1198 4128">
     <span class='ocr_line' id='line_1_42' title="bbox 149 3979 1198 4128; baseline 0.001 -83"><span class='ocrx_word' id='word_1_303' title='bbox 149 3981 223 4045; x_wconf 91' lang='lat' dir='ltr'><strong>Rex</strong></span> <span class='ocrx_word' id='word_1_304' title='bbox 244 3979 381 4044; x_wconf 91' lang='lat' dir='ltr'><strong>Romam</strong></span> <span class='ocrx_word' id='word_1_305' title='bbox 402 3980 617 4128; x_wconf 74' lang='lat' dir='ltr'><strong>proficiscitur</strong></span> <span class='ocrx_word' id='word_1_306' title='bbox 645 3981 688 4044; x_wconf 90' lang='lat' dir='ltr'><strong>ad</strong></span> <span class='ocrx_word' id='word_1_307' title='bbox 717 3981 952 4046; x_wconf 90' lang='lat' dir='ltr'><strong>restituendum</strong></span> <span class='ocrx_word' id='word_1_308' title='bbox 973 3983 1198 4047; x_wconf 88' lang='lat' dir='ltr'><strong>Innocentium</strong></span> 
     </span>
    </p>
   </div>
   <div class='ocr_carea' id='block_1_11' title="bbox 76 4062 1199 4150">
    <p class='ocr_par' dir='ltr' id='par_1_14' title="bbox 76 4062 1199 4150">
     <span class='ocr_line' id='line_1_43' title="bbox 76 4062 1199 4150; baseline 0.001 -22"><span class='ocrx_word' id='word_1_309' title='bbox 76 4065 146 4128; x_wconf 85' lang='lat' dir='ltr'><strong>aedi</strong></span> <span class='ocrx_word' id='word_1_310' title='bbox 171 4062 358 4150; x_wconf 89' lang='lat' dir='ltr'><strong>apostolice.</strong></span> <span class='ocrx_word' id='word_1_311' title='bbox 432 4067 577 4130; x_wconf 86' lang='lat' dir='ltr'><strong>ransiens</strong></span> <span class='ocrx_word' id='word_1_312' title='bbox 606 4067 698 4150; x_wconf 85' lang='lat' dir='ltr'><strong>ergoi</strong></span> <span class='ocrx_word' id='word_1_313' title='bbox 727 4095 775 4143; x_wconf 84' lang='lat' dir='ltr'><strong>per</strong></span> <span class='ocrx_word' id='word_1_314' title='bbox 796 4078 919 4141; x_wconf 79' lang='lat' dir='ltr'><strong>Ytaliam,</strong></span> <span class='ocrx_word' id='word_1_315' title='bbox 942 4078 1069 4143; x_wconf 78' lang='lat' dir='ltr'><strong>pleraque</strong></span> <span class='ocrx_word' id='word_1_316' title='bbox 1096 4081 1199 4130; x_wconf 77' lang='lat' dir='ltr'><strong>munita</strong></span> 
     </span>
    </p>
   </div>
   <div class='ocr_carea' id='block_1_12' title="bbox 4 4137 1197 4222">
    <p class='ocr_par' dir='ltr' id='par_1_15' title="bbox 4 4137 1197 4222">
     <span class='ocr_line' id='line_1_44' title="bbox 4 4137 1197 4222; baseline 0.003 -18"><span class='ocrx_word' id='word_1_317' title='bbox 4 4137 8 4172; x_wconf 35' lang='grc' dir='ltr'>ᾖ</span> <span class='ocrx_word' id='word_1_318' title='bbox 76 4150 157 4206; x_wconf 67' lang='lat' dir='ltr'><strong>loca¹¹</strong></span> <span class='ocrx_word' id='word_1_319' title='bbox 177 4155 231 4206; x_wconf 85' lang='lat' dir='ltr'><strong>sibi</strong></span> <span class='ocrx_word' id='word_1_320' title='bbox 257 4155 414 4205; x_wconf 86' lang='lat' dir='ltr'><strong>resistencia</strong></span> <span class='ocrx_word' id='word_1_321' title='bbox 441 4158 521 4221; x_wconf 87' lang='lat' dir='ltr'><strong>capit,</strong></span> <span class='ocrx_word' id='word_1_322' title='bbox 545 4156 709 4222; x_wconf 88' lang='lat' dir='ltr'><strong>tandemque</strong></span> <span class='ocrx_word' id='word_1_323' title='bbox 737 4151 776 4207; x_wconf 80' lang='lat'><strong>2.¹</strong></span> <span class='ocrx_word' id='word_1_324' title='bbox 796 4155 857 4206; x_wconf 87' lang='lat' dir='ltr'><strong>Kal.</strong></span> <span class='ocrx_word' id='word_1_325' title='bbox 876 4157 932 4206; x_wconf 88' lang='lat' dir='ltr'><strong>Mai</strong></span> <span class='ocrx_word' id='word_1_326' title='bbox 957 4157 1069 4207; x_wconf 89' lang='lat' dir='ltr'><strong>Romam</strong></span> <span class='ocrx_word' id='word_1_327' title='bbox 1095 4173 1197 4209; x_wconf 88' lang='lat' dir='ltr'><strong>summo</strong></span> 
     </span>
    </p>
   </div>
   <div class='ocr_carea' id='block_1_13' title="bbox 76 4317 1196 4430">
    <p class='ocr_par' dir='ltr' id='par_1_16' title="bbox 76 4317 1196 4430">
     <span class='ocr_line' id='line_1_45' title="bbox 77 4317 1196 4371; baseline 0.003 -14"><span class='ocrx_word' id='word_1_328' title='bbox 77 4317 98 4370; x_wconf 84' lang='lat' dir='ltr'><strong>a)</strong></span> <span class='ocrx_word' id='word_1_329' title='bbox 113 4319 242 4358; x_wconf 73' lang='lat' dir='ltr'><strong>vocabulum</strong></span> <span class='ocrx_word' id='word_1_330' title='bbox 257 4329 343 4357; x_wconf 78' lang='lat' dir='ltr'><strong>erasum</strong></span> <span class='ocrx_word' id='word_1_331' title='bbox 358 4318 605 4366; x_wconf 76' lang='lat' dir='ltr'><strong>A1,redrritildeeat.</strong></span> <span class='ocrx_word' id='word_1_332' title='bbox 692 4317 716 4370; x_wconf 86' lang='lat' dir='ltr'><strong>b)</strong></span> <span class='ocrx_word' id='word_1_333' title='bbox 732 4321 787 4359; x_wconf 68' lang='lat' dir='ltr'><strong>desa</strong></span> <span class='ocrx_word' id='word_1_334' title='bbox 803 4320 853 4361; x_wconf 75' lang='lat' dir='ltr'><strong>Ar.</strong></span> <span class='ocrx_word' id='word_1_335' title='bbox 943 4318 964 4371; x_wconf 84' lang='lat' dir='ltr'><strong>c)</strong></span> <span class='ocrx_word' id='word_1_336' title='bbox 981 4332 1010 4360; x_wconf 92' lang='lat' dir='ltr'><strong>m.</strong></span> <span class='ocrx_word' id='word_1_337' title='bbox 1028 4331 1048 4360; x_wconf 92' lang='lat' dir='ltr'><strong>c.</strong></span> <span class='ocrx_word' id='word_1_338' title='bbox 1064 4325 1080 4360; x_wconf 89' lang='lat' dir='ltr'><strong>t.</strong></span> <span class='ocrx_word' id='word_1_339' title='bbox 1097 4324 1120 4360; x_wconf 90' lang='lat' dir='ltr'><strong>et</strong></span> <span class='ocrx_word' id='word_1_340' title='bbox 1136 4321 1161 4360; x_wconf 88' lang='lat' dir='ltr'><strong>in</strong></span> <span class='ocrx_word' id='word_1_341' title='bbox 1176 4332 1196 4360; x_wconf 91' lang='lat' dir='ltr'><strong>c.</strong></span> 
     </span>
     <span class='ocr_line' id='line_1_46' title="bbox 76 4374 1196 4430; baseline 0.003 -14"><span class='ocrx_word' id='word_1_342' title='bbox 76 4379 116 4416; x_wconf 78' lang='lat' dir='ltr'><strong>dar.</strong></span> <span class='ocrx_word' id='word_1_343' title='bbox 132 4379 181 4417; x_wconf 78' lang='lat' dir='ltr'><strong>Aa.</strong></span> <span class='ocrx_word' id='word_1_344' title='bbox 213 4391 244 4411; x_wconf 98' lang='lat'><strong><em>=</em></strong></span> <span class='ocrx_word' id='word_1_345' title='bbox 274 4374 297 4427; x_wconf 91' lang='lat' dir='ltr'><strong>d)</strong></span> <span class='ocrx_word' id='word_1_346' title='bbox 314 4374 432 4417; x_wconf 82' lang='lat' dir='ltr'><strong>willelmo</strong></span> <span class='ocrx_word' id='word_1_347' title='bbox 449 4378 492 4418; x_wconf 72' lang='lat'><strong>02.</strong></span> <span class='ocrx_word' id='word_1_348' title='bbox 546 4377 568 4429; x_wconf 91' lang='lat' dir='ltr'><strong>e)</strong></span> <span class='ocrx_word' id='word_1_349' title='bbox 584 4379 640 4417; x_wconf 74' lang='lat' dir='ltr'><strong>deest</strong></span> <span class='ocrx_word' id='word_1_350' title='bbox 656 4379 699 4418; x_wconf 78' lang='lat'><strong>02.</strong></span> <span class='ocrx_word' id='word_1_351' title='bbox 760 4377 919 4430; x_wconf 84' lang='lat' dir='ltr'><strong>1⁴)atqusBl</strong></span> <span class='ocrx_word' id='word_1_352' title='bbox 936 4390 994 4419; x_wconf 80' lang='lat' dir='ltr'><strong>man.</strong></span> <span class='ocrx_word' id='word_1_353' title='bbox 1011 4390 1052 4419; x_wconf 74' lang='lat' dir='ltr'><strong>rac.</strong></span> <span class='ocrx_word' id='word_1_354' title='bbox 1114 4376 1196 4429; x_wconf 60' lang='lat' dir='ltr'><strong>mg-</strong></span> 
     </span>
    </p>
   </div>
   <div class='ocr_carea' id='block_1_14' title="bbox 8 4435 1195 4488">
    <p class='ocr_par' dir='ltr' id='par_1_17' title="bbox 8 4435 1195 4488">
     <span class='ocr_line' id='line_1_47' title="bbox 8 4435 1195 4488; baseline 0.002 -13"><span class='ocrx_word' id='word_1_355' title='bbox 8 4451 22 4482; x_wconf 73' lang='lat' dir='ltr'><strong>·r</strong></span> <span class='ocrx_word' id='word_1_356' title='bbox 76 4436 154 4478; x_wconf 87' lang='lat' dir='ltr'><strong>bertus</strong></span> <span class='ocrx_word' id='word_1_357' title='bbox 170 4437 214 4476; x_wconf 80' lang='lat'><strong>01.</strong></span> <span class='ocrx_word' id='word_1_358' title='bbox 276 4436 451 4484; x_wconf 73' lang='lat' dir='ltr'><strong>hlsanctlcl.</strong></span> <span class='ocrx_word' id='word_1_359' title='bbox 512 4435 529 4487; x_wconf 92' lang='lat' dir='ltr'><strong>i)</strong></span> <span class='ocrx_word' id='word_1_360' title='bbox 547 4441 624 4478; x_wconf 86' lang='lat' dir='ltr'><strong>autem</strong></span> <span class='ocrx_word' id='word_1_361' title='bbox 640 4437 684 4478; x_wconf 76' lang='lat'><strong>02.</strong></span> <span class='ocrx_word' id='word_1_362' title='bbox 745 4436 966 4488; x_wconf 77' lang='lat' dir='ltr'><strong>k)dcertBl.02.</strong></span> <span class='ocrx_word' id='word_1_363' title='bbox 1028 4437 1045 4488; x_wconf 93' lang='lat' dir='ltr'><strong>l)</strong></span> <span class='ocrx_word' id='word_1_364' title='bbox 1062 4437 1136 4487; x_wconf 75' lang='lat' dir='ltr'><strong>pridie</strong></span> <span class='ocrx_word' id='word_1_365' title='bbox 1151 4437 1195 4477; x_wconf 76' lang='lat'><strong>02.</strong></span> 
     </span>
    </p>
   </div>
   <div class='ocr_carea' id='block_1_15' title="bbox 0 0 1491 4996">
    <p class='ocr_par' dir='ltr' id='par_1_18' title="bbox 0 0 1491 4996">
     <span class='ocr_line' id='line_1_48' title="bbox 0 0 1491 4996; baseline 0 0"><span class='ocrx_word' id='word_1_366' title='bbox 0 0 1491 4996; x_wconf 95' lang='lat' dir='ltr'><strong> </strong></span> 
     </span>
    </p>
   </div>
  </div>
 </body>
</html>
