2970 4996
181 416 365 469 CHRONICA
383 416 496 468 REGIA
516 416 767 470 COLONIENSIS.
790 416 893 469 CONT.
913 417 945 468 Α.
967 417 1046 466 1188.
1122 417 1175 466 139

450 590 620 643 Recensio
641 590 664 640 I.
684 597 713 642 et
731 589 778 642 II.

65 678 158 759 risset,
181 674 255 740 inde
277 697 380 762 usque
401 675 537 741 Laetare
559 674 755 740 Iherusalem
777 674 818 739 ad
834 676 954 739 curiam
966 675 1174 760 Mogontiae⁸

66 783 154 826 causa
174 759 334 824 induciata
363 767 421 824 est.
465 759 561 824 Circa
582 759 668 823 idem
694 769 820 845 tempus
842 759 926 824 filius
949 761 993 823 im
1019 760 1173 823 cratoris*

67 844 275 910 Confluentiae
298 841 491 908 conventum
512 865 665 929 magnum
688 842 811 924 habuit,
834 845 938 909 citatis
960 865 979 906 a
1025 866 1059 908 se
1075 844 1172 906 comi-

66 929 142 994 tibus
157 936 188 994 et
202 926 363 993 nobilibus
376 927 628 1012 Letharingiaeb
652 937 684 991 et
699 927 840 991 maxime
856 927 896 991 de
912 929 1100 1014 episcopatu
1112 925 1173 992 Co-

66 1013 200 1076 loniensi.
246 1011 392 1099 Cumque
414 1013 622 1098 perquireret,
639 1013 694 1098 qui
717 1033 791 1074 cum
808 1033 846 1074 eo
862 1020 945 1077 stare
959 1010 1076 1076 vellent
1098 1033 1173 1075 con-

67 1105 109 1160 tra
118 1095 276 1183 presulem
288 1107 319 1160 et
329 1107 447 1162 terram
460 1096 694 1177 Coloniensem,
707 1097 779 1160 etei
791 1097 898 1160 cuncti
911 1094 1172 1176 contradicerent,

67 1181 154 1246 iratus
168 1180 310 1245 recessit.
394 1181 530 1245 Laetare
541 1178 739 1244 iherusalem
754 1181 844 1243 curia
859 1177 1069 1244 celeberrima
1085 1179 1173 1264 apud
1183 1193 1250 1235 Mart·
1268 1195 1304 1238 tt·

67 1263 315 1350 Mogontiacum⁰
326 1262 505 1329 celebratur
517 1287 536 1328 a
547 1265 649 1328 tocius
662 1263 872 1327 Theutonici‘¹
883 1287 918 1328 re
941 1265 975 1326 ni
987 1263 1172 1348 capitaneis,

69 1356 127 1413 tam
147 1349 186 1412 de
208 1347 293 1412 clero
317 1370 414 1433 quam
437 1349 477 1413 de
499 1349 610 1413 ordine
631 1346 746 1429 laicali,
768 1357 916 1432 presente
962 1348 1081 1411 einrico
1104 1367 1172 1410 car·

23 1473 25 1480 ·
69 1431 174 1514 dinale3
197 1453 281 1518 quae
296 1455 316 1496 a
337 1433 539 1496 serenissimo
561 1432 795 1517 imperatorem
818 1441 850 1496 et
870 1430 935 1495 filio
959 1432 1082 1496 eius***
1096 1452 1173 1516 rege

69 1517 145 1580 curia
165 1516 264 1580 Ihesu
285 1515 406 1580 Christi
428 1525 502 1580 ante
522 1515 583 1580 fuit
604 1515 771 1580 intitulata.
816 1515 868 1579 Ad
891 1515 1024 1580 eandem
1053 1516 1175 1578 curiam

69 1602 106 1664 im
128 1609 230 1664 orator
251 1601 463 1685 interrogavit
483 1602 517 1663 in
539 1601 670 1686 propria
691 1621 842 1684 persona:
866 1599 941 1685 quid
971 1599 1175 1685 potissimum

68 1623 245 1767 iudicarent,
268 1706 310 1747 an
332 1687 366 1747 in
387 1685 563 1749 continenti
591 1705 720 1748 crucem
745 1695 904 1748 sumeret⁰
929 1705 971 1747 an
994 1681 1174 1748 differretf‘?

70 1769 134 1854 quia
178 1780 226 1833 ost
248 1790 368 1831 annum
389 1769 490 1832 iturus
513 1778 590 1833 erat.
643 1767 790 1853 Cumque
814 1789 924 1832 omnes
951 1765 1173 1848 acclamarent,

69 1873 103 1915 ne
116 1791 263 1933 didenet,
280 1873 410 1917 crucem
425 1851 467 1916 ab
479 1852 731 1938 Herbipolensis
748 1855 901 1937 episcopo
914 1849 1089 1915 Codefrido
1106 1872 1174 1914 sus-

71 1938 145 2022 cepit
172 1959 247 2001 cum
282 1957 407 2000 summo
427 1937 570 2022 tripudio
593 1945 625 2000 et
645 1935 794 2000 laudibus
816 1956 854 1997 ac
874 1957 931 2020 pre
948 1934 1070 2082 gaudio
1096 1933 1174 1999 fletu

71 2031 256 2085 cunctorum.
289 2020 374 2084 Ante
388 2042 461 2084 eum
477 2019 562 2085 filius
578 2021 646 2086 eius
661 2020 728 2084 dux
744 2020 880 2085 Sueviae
890 2019 946 2082 Fri
971 2019 1075 2082 ericus
1090 2019 1173 2082 hanc

70 2114 253 2190 susceperat.
264 2103 331 2168 ‘Ibi
344 2125 473 2190 quoque
491 2104 771 2191 archiepiscopus†
791 2112 822 2168 et
838 2101 1045 2166 Colonienses
1064 2123 1173 2168 recon-

70 2187 206 2252 ciliantur
227 2189 425 2275 imperatori,
449 2188 563 2253 eodem
584 2197 692 2253 tamen
713 2186 840 2274 presule
862 2185 978 2272 triplex
995 2208 1173 2251 sacramen-

70 2279 129 2335 tum
150 2282 313 2358 prestante
335 2293 394 2357 pro
418 2273 563 2354 obiectiS,
585 2272 648 2337 duo
671 2294 730 2357 pro
753 2269 878 2335 duabus
900 2273 997 2334 curiis
1019 2293 1084 2335 non
1099 2293 1174 2357 que-

70 2356 158 2438 sitis1,
179 2378 281 2420 unum
310 2379 369 2443 pro
397 2357 515 2440 Iudeis,
568 2379 627 2420 uos
656 2357 689 2418 in
718 2354 942 2420 contumeliam
971 2355 1174 2441 imperatoris

23 2461 24 2506 ἲ
71 2438 239 2505 diffamatus
262 2451 331 2506 erat
351 2443 490 2526 pecunia
511 2463 542 2504 m
579 2451 672 2504 tasse.
726 2439 843 2504 Modus
861 2447 968 2503 autem
988 2438 1174 2503 reconcilia-

23 2543 24 2588 }
70 2525 158 2588 cionis
185 2525 239 2589 hic
262 2534 348 2590 erat:
382 2525 516 2590 Dabant
547 2525 732 2611 imperatori
763 2524 826 2587 duo
860 2523 948 2587 milia
982 2544 1173 2604 marcarum,

23 2603 24 2676 J
70 2607 211 2674 ducentas
227 2617 260 2674 et
271 2611 312 2676 60
323 2611 357 2672 in
372 2610 503 2673 curiam.
540 2609 648 2673 Unam
666 2618 830 2696 pprtarum
843 2607 1011 2672 destruunt
1024 2606 1066 2671 ad
1077 2627 1173 2670 unam

23 2717 24 2720 ¹
69 2693 262 2775 testudinem,
282 2694 443 2758 fossatum
460 2691 674 2779 reimplebunt
696 2701 830 2778 quatuor
851 2689 931 2773 locis
953 2691 995 2755 ad
1025 2691 1174 2777 quadrin-

70 2787 170 2860 gentos
184 2778 295 2864 pedes.
327 2778 379 2842 De
403 2776 521 2862 quibus
542 2787 652 2840 tamen
667 2797 855 2840 concessum
871 2785 927 2858 est,
944 2786 989 2858 ut,
1005 2776 1032 2839 si
1046 2775 1173 2855 vellent,

70 2881 102 2923 ca
121 2861 169 2926 die
191 2862 399 2948 subsequenti
421 2863 453 2924 in
476 2863 616 2946 priorem
639 2869 755 2924 statum
778 2869 972 2947 repararent.
1016 2860 1112 2942 Quod
1128 2862 1174 2923 sic

69 2942 177 3008 iactum
199 2957 257 3012 est.
343 2945 371 3009 Ε
395 2947 524 3031 iscopus
540 2945 754 3009 Traiectensis
770 2953 802 3009 et
817 2967 924 3008 comes
947 2943 1007 3008 de¹¹
1024 2943 1120 3010 Celre
1143 2954 1175 3008 et

23 3071 24 3074 κ
71 3027 151 3093 multi
171 3029 234 3113 alii,
266 3051 344 3116 quos
367 2968 531 3094 discordes
554 3029 643 3093 antei
665 3050 759 3092 nemo
785 3030 818 3090 in
845 3027 1050 3092 concordiam
1070 3031 1175 3115 potuit

23 3119 24 3160 3
70 3113 219 3197 reducere,
247 3113 334 3178 nullo
360 3115 423 3178 nisi
444 3114 558 3212 spiritu
590 3113 652 3177 Dei
681 3111 851 3195 mediante,
885 3111 1004 3176 ibidem
1030 3113 1112 3176 inter
1141 3135 1175 3176 se

23 3203 24 3266 ἴ
70 3197 312 3280 reconciliantur,
335 3208 367 3262 et
386 3197 515 3285 plurimi
530 3199 592 3261 exk
610 3199 654 3260 eis
670 3218 797 3260 crucem
813 3194 867 3261 leti
884 3205 1022 3260 sumunt.
1106 3196 1174 3259 Mo-

23 3297 25 3360 g
71 3282 207 3362 gontinus
230 3283 368 3347 mittitur
393 3281 435 3346 ab
464 3283 656 3366 imperatore
679 3280 720 3344 ad
737 3280 905 3364 Ungarum
934 3301 993 3366 pro
1021 3276 1175 3364 Bulgaria

23 3373 25 3446 j
72 3366 262 3452 exequenda¹
292 3365 361 3429 adm
384 3375 499 3430 stratas
528 3375 559 3430 et
581 3387 638 3450 pro
659 3364 854 3428 victualibus
881 3363 1088 3450 providendis
1117 3385 1173 3427 ex-

23 3491 24 3494 ,
72 3449 208 3514 ercitibus
231 3452 438 3535 signatorum.
488 3449 554 3529 Qui
575 3448 751 3530 remandat,
782 3450 828 3513 ita
853 3448 893 3514 de
922 3448 970 3512 his
999 3446 1173 3524 ordinasse,

73 3531 147 3615 quod
169 3535 229 3598 100
251 3556 407 3620 equorum
428 3532 546 3618 pabula
567 3554 676 3597 marca
696 3542 850 3614 emantur,
867 3531 1011 3598 similiter
1032 3533 1053 3596 4
1073 3531 1174 3597 boves

72 3626 235 3697 prestantes
257 3639 365 3682 marca
387 3639 460 3700 una,
483 3627 514 3682 et
535 3619 641 3681 cetera
662 3618 695 3679 in
716 3617 801 3680 hunc
823 3616 964 3681 modum.

79 3745 84 3830 2
129 3761 308 3828 *)Heinricus
328 3763 404 3816 addit
424 3762 475 3814 02.
532 3761 734 3827 **)Frcderico
754 3760 831 3812 addit
851 3759 906 3812 02.
973 3761 1174 3828 ***)He1nrico

162 3836 238 3887 addit
259 3835 308 3888 02.
384 3834 415 3901 †)
436 3836 604 3888 Coloniensis
624 3833 701 3886 addit
719 3836 778 3887 Ba.
804 3835 852 3886 Fr.

77 3974 209 4030 stiterunt.
232 3985 274 4025 01.
362 3984 386 4038 b)
410 3985 489 4024 Lotar.
513 3983 554 4024 02.
638 3979 659 4033 c)
684 3982 857 4030 Mogontiacum
881 3983 934 4031 B13
965 3981 1109 4030 Moguntiam
1133 3982 1177 4022 02.

77 4031 255 4093 tl'l'euthbn.01;
277 4043 391 4085 Theotnn.
409 4045 453 4084 02.
513 4040 535 4092 a)
552 4044 670 4082 sumerent
685 4052 741 4081 corr.
759 4045 860 4081 sumeret
875 4041 923 4080 Bl.
984 4040 1178 4094 OdcferretBl.

77 4095 116 4146 013
131 4100 229 4141 differret
243 4103 268 4142 tn
283 4104 329 4142 loco
344 4115 396 4142 raso
413 4103 457 4144 02.
524 4098 547 4151 g)
563 4101 617 4142 Erb.
633 4101 682 4142 Bl.
699 4100 721 4141 0.
785 4097 809 4151 h)
826 4100 882 4138 deest
897 4099 945 4140 At.
1006 4097 1023 4150 i)
1038 4104 1107 4139 antea
1123 4100 1177 4149 1313

77 4150 110 4262 qq}
126 4159 166 4198 01,
212 4159 278 4258 Blk)
292 4162 325 4212 pl.
340 4163 356 4202 l.
373 4174 402 4204 ex
425 4162 459 4201 sis
482 4171 513 4202 cr.
530 4170 549 4199 s.
566 4160 612 4200 Bl.
703 4156 720 4209 l)
745 4160 882 4208 exequenda
898 4170 955 4200 corr.
972 4159 1111 4208 exequenda
1127 4159 1175 4200 Bl.

117 4226 194 4260 acorr.
253 4252 258 4263 ,

80 4343 102 4410 l)
116 4347 290 4470 Kogmatiensi
307 4369 333 4403 a.
355 4351 434 4403 1187.
454 4352 550 4418 (supra
563 4367 591 4417 p.
614 4351 678 4413 136)
695 4359 719 4402 ct
740 4347 957 4416 dtrmburqenst5
976 4366 1000 4400 o.
1016 4346 1178 4414 detester-B.

75 4432 92 4481 Ρ
166 4463 172 4476 .
