2944 5002
296 386 349 438 362
506 385 660 438 MARTINI
682 385 930 438 CONTINUATIO
952 383 1204 438 connaturale.

221 581 285 623 ren.
295 554 483 642 nobilesque
512 551 671 638 aquilonis
697 551 896 654 solempnem
925 557 1047 619 curiam
1074 554 1107 618 in
1135 551 1311 619 Rcicst0k¹
1348 552 1427 616 civi-

294 649 383 706 tate*
400 660 477 726 pere
500 647 603 720 erunt,
626 637 683 702 ubi
705 646 737 702 et
748 660 891 724 qumque
905 638 995 702 milia
1015 637 1153 704 militum
1174 639 1275 704 fixisse
1297 658 1429 704 memo

294 732 414 790 rantur.
512 723 524 786 i
558 721 723 808 principes
758 722 895 808 predicti
932 721 1128 789 confederati
1170 723 1429 788 insurrexerunt
1468 775 1470 784 .

295 818 406 874 contra
428 808 573 872 civitates
603 806 665 872 sibi
694 807 875 888 attinentes,
905 830 967 893 que
989 806 1190 872 terrestribus
1220 818 1251 873 et
1281 805 1427 870 marinis

294 892 455 960 mercibus
485 901 517 958 et
542 891 825 977 negociaeionibus
854 893 1038 972 incrassate,
1072 889 1277 978 locupletate,
1310 890 1427 976 inpin-

346 987 408 1058 ate,
435 975 577 1058 dilatate,
608 975 711 1062 princi
735 975 809 1040 ibus
832 975 975 1041 debitam
996 974 1232 1041 subieceionem
1259 975 1427 1040 exhibere

258 1145 261 1153 ¹
317 1070 562 1128 enecaverant.
621 1058 687 1124 Sed
713 999 808 1126 brevi
839 1061 1071 1125 interveniente
1103 1069 1248 1147 tempore
1283 1059 1330 1124 ad
1363 1059 1427 1124 hoc

294 1146 431 1212 adducte
453 1155 537 1228 sunt,
567 1153 604 1209 ut
631 1145 833 1232 principibus
861 1146 928 1209 suis
950 1143 1035 1210 ultra
1063 1143 1218 1210 rebellare
1247 1165 1315 1208 non
1350 1165 1426 1231 pra

294 1238 464 1296 sumerent.

220 1346 285 1390 1³00,
379 1314 476 1378 Anno
511 1322 619 1378 autem
651 1311 785 1377 Domini
828 1313 918 1378 1300.
958 1311 1202 1378 innumerabilis
1241 1310 1425 1377 multitudo

295 1398 430 1463 Romam
446 1405 598 1484 properat
620 1419 677 1482 spe
698 1395 986 1496 indulgenciamm,
1009 1419 1071 1484 que
1089 1420 1155 1462 sem
1181 1420 1216 1462 er
1238 1397 1425 1462 centesimo

294 1494 400 1548 ann0²
422 1481 543 1548 ibidem
565 1482 716 1550 existunt.
759 1481 824 1546 Hie
847 1503 974 1569 quoque
1002 1504 1104 1546 annus
1129 1419 1280 1565 iubileus,
1309 1479 1350 1545 id
1375 1490 1425 1545 est

294 1567 500 1650 remissionis,
530 1565 651 1630 idcireo
673 1577 806 1630 vocatus
839 1576 898 1649 est,
930 1575 975 1647 ut,
1011 1567 1195 1653 quicunque
1226 1567 1300 1652 ipso
1332 1585 1423 1629 anno

295 1651 468 1733 confessus,
491 1651 645 1715 contritus
659 1650 795 1714 Romam
818 1650 994 1734 adveniret,
1016 1670 1036 1713 a
1057 1649 1152 1737 culpa
1173 1658 1206 1716 et
1226 1672 1314 1737 pena
1336 1649 1425 1715 liber

294 1735 376 1802 letus
397 1743 563 1802 remearet.

378 1820 483 1884 Huius
512 1819 615 1884 eciam
647 1818 846 1905 temporibus
873 1817 1058 1883 Bonifacius
1091 1828 1222 1884 octavus
1277 1840 1355 1904 apa,
1388 1818 1422 1880 in

220 1903 424 1974 resecastello
453 1902 593 1991 quodam
626 1901 704 1965 dum
731 1913 959 1985 comoraretur,
992 1925 1012 1966 a
1039 1903 1167 1969 duobus
1196 1841 1420 1968 cardinalibus

294 1988 334 2055 de
368 1987 565 2075 Columpna,
601 2007 682 2076 quos
715 1986 914 2053 cardinalatu
949 1988 1145 2073 privaverat,
1182 2009 1256 2052 cum
1292 1985 1419 2051 auxilio

293 2072 433 2159 Philippi
456 2073 541 2158 regis
563 2072 712 2152 Francia,
742 2094 837 2199 quem
863 2073 1176 2155 excomunicaverat,
1208 2069 1419 2138 cubiculariis

295 2159 451 2243 corruptis
474 2157 598 2245 [captus
621 2164 678 2237 est,
709 2156 772 2246 et]
804 2157 907 2220 omnis
929 2154 1098 2221 thesaurus
1120 2155 1265 2221 eiusdem
1294 2155 1420 2221 ibidem

294 2253 439 2328 repertus
471 2250 519 2307 est
552 2240 742 2306 abstractus.
786 2242 859 2321 Quo
888 2241 1006 2306 nuncio
1035 2241 1137 2306 Rome
1170 2239 1303 2328 perlato,
1337 2261 1419 2304 mox

294 2327 431 2392 Romani
462 2325 504 2389 ad
533 2323 734 2390 liberandum
767 2347 887 2424 papam
915 2325 1176 2410 proficiscuntur;
1210 2347 1306 2411 quem
1339 2345 1416 2389 cum

295 2419 492 2496 egrotantem
519 2409 657 2474 Romam
688 2408 925 2494 perduxissent,
958 2432 1023 2475 non
1055 2408 1154 2475 multo
1187 2420 1261 2496 post
1293 2407 1416 2473 ibidem

295 2495 463 2560 defunctus
479 2501 536 2558 est.
569 2494 705 2558 Fecerat
725 2502 757 2557 et
778 2493 830 2556 bic
845 2515 932 2579 papa
947 2505 1073 2560 sextum
1088 2493 1306 2576 decretalium,
1322 2491 1414 2558 Gele-

295 2580 377 2645 stino
400 2577 626 2663 predecessore
648 2598 706 2641 suo
733 2575 855 2663 aliquot
876 2599 976 2642 annos
998 2577 1104 2643 adhuc
1126 2579 1309 2664 superstite.
1354 2576 1416 2642 Cui

294 2662 489 2728 Benedictus
512 2661 572 2742 XI,
594 2661 692 2726 frater
719 2661 839 2726 ordinis
861 2661 1113 2745 Predicatorum,
1141 2662 1305 2728 successit.
1350 2660 1415 2741 Qui

297 2769 370 2812 cum
404 2768 523 2810 annum
554 2756 586 2810 et
615 2743 712 2832 paulo
740 2747 834 2832 plus³
857 2745 999 2826 sedisset,
1029 2746 1108 2812 obiit
1134 2747 1265 2812 Perusie
1287 2755 1320 2811 et
1340 2755 1414 2810 ante

297 2830 396 2896 altare
417 2829 538 2897 ibidem
561 2828 703 2916 sepultus
726 2841 784 2896 est.
828 2829 889 2895 Oui
909 2830 1181 2916 Burdegalensis⁰
1203 2829 1415 2917 archiepisco·

223 2913 720 3086 ²³⁰⁴·ttt..t”³r2t,llttttt
740 2916 872 3085 tttlt
898 2913 1414 3087 tt.ltt⁸s⁸tttt⁸l·..lt

296 3085 345 3150 fas
368 3094 417 3149 est
437 3083 602 3148 infamiam
624 3083 812 3148 destruxit4.
1469 3151 1470 3154 Ἴ

379 3167 652 3255 Archiepiseopus
675 3165 1003 3255 quoqueWicboldus
1025 3168 1192 3234 ecclesiam
1215 3189 1306 3233 suam
1320 3165 1414 3232 (lelo-

295 3255 449 3337 niensem,
471 3261 583 3339 utpote
598 3253 648 3317 vir
668 3274 768 3317 senex
789 3260 821 3316 et
842 3249 954 3316 debilis
977 3261 1008 3318 et
1028 3252 1124 3338 longo
1146 3263 1290 3339 tempore
1310 3253 1413 3338 magis

297 3337 437 3404 consiliis
474 3345 570 3422 aptus
603 3359 699 3423 quam
728 3337 825 3400 armis
859 3337 1063 3420 exercitatus,
1098 3337 1276 3423 prudencia
1301 3359 1412 3422 regere

296 3423 498 3507 disponebat,
526 3420 666 3486 undeet
694 3420 817 3486 nobiles
846 3429 930 3485 terre
959 3419 1146 3487 muneribus
1174 3420 1236 3486 sibi
1287 3421 1412 3486 laeare‘l

297 3507 492 3592 satagebam
537 3505 602 3570 Sed
626 3528 718 3570 secus
740 3504 866 3587 accidit,
896 3505 982 3591 quia,
1013 3515 1132 3593 quanto
1161 3504 1234 3593 plus
1262 3443 1409 3585 donabat,

297 3602 386 3658 tanto
408 3590 510 3674 magis
532 3589 573 3654 ab
596 3590 658 3655 hiis
681 3589 940 3676 impugnabatur.
985 3589 1082 3671 Quod
1103 3589 1159 3654 ubi
1181 3588 1346 3670 intellexit,
1369 3590 1410 3655 ad

297 3674 541 3741 debellandumf
574 3675 722 3740 comitem
750 3674 790 3739 de
811 3673 937 3754 Marka,
972 3673 1216 3741 infestissimum
1247 3675 1410 3739 inimicum

297 3875 321 3929 a)
338 3877 455 3917 civitatem
464 3887 482 3916 e.
544 3873 568 3926 b)
586 3877 666 3924 captus
683 3877 717 3914 est
733 3876 756 3914 et
769 3873 873 3924 supplevi.
935 3871 957 3926 e)
972 3875 1183 3924 Burdsgolenstse.
1244 3873 1268 3926 d)
1288 3875 1409 3926 placarer.

298 3933 320 3988 e)
336 3935 490 3985 sathagebant
504 3945 521 3976 c.
581 3931 599 3985 f)
616 3933 699 3976 rebell.
714 3944 732 3974 c.

301 4103 328 4170 1)
348 4103 468 4156 Rosloela
544 4101 573 4170 2)
593 4103 637 4154 aa
656 4103 704 4154 boc
722 4118 827 4169 quoque
847 4103 900 4154 loco
920 4102 1069 4156 chronicam
1081 4112 1200 4156 nostram
1219 4111 1280 4154 nate
1298 4104 1407 4156 medium

298 4178 431 4229 saeculum
443 4177 522 4228 XIV.
543 4176 712 4242 compositam
732 4192 786 4227 eree
806 4193 954 4243 copnoseae,
975 4177 1039 4242 qaia
1058 4195 1083 4230 a.
1097 4179 1176 4228 1350.
1192 4195 1208 4226 a
1223 4175 1347 4230 Clemente
1361 4177 1404 4228 VI.

298 4251 466 4302 constitutam
485 4259 531 4314 eat,
551 4259 580 4300 et
593 4249 808 4316 quinquepesa'mo
828 4266 930 4317 quoque
950 4267 1020 4302 unco
1034 4268 1121 4303 annas
1135 4251 1249 4303 eudilane
1263 4251 1406 4304 eeabreue.

298 4321 328 4390 3)
347 4323 507 4376 Benedictus
526 4323 576 4375 XI.
601 4332 663 4390 poet
689 4339 790 4374 annum
817 4323 936 4374 nondum
963 4326 1117 4392 completam
1148 4325 1217 4377 diem
1245 4325 1339 4376 elausit
1365 4341 1404 4376 ea·

298 4404 416 4448 tremuere.
490 4398 520 4460 4)
538 4397 624 4448 Anaia
643 4397 699 4448 scil.
723 4397 803 4448 1311.
822 4404 846 4449 et
866 4397 946 4448 rata.
