2924 5006
77 359 273 446 'eunomus
292 393 404 444 nuum
416 392 668 445 OOLONIENSIS.
689 392 789 444 OONT-
803 393 840 443 ΙΙ.
859 392 892 444 Α.
904 392 983 444 1204.
996 393 1077 443 1205.
1116 393 1167 444 luo

58 561 173 626 dictum
195 559 473 646 archiepiscopum
495 561 632 624 Romam
655 561 778 624 censuit
799 560 998 624 evocandum
1020 569 1116 647 atque
1134 561 1168 624 in

57 644 213 710 audientia
245 666 303 708 sua
334 644 374 709 de
408 645 541 710 obiectis
577 644 836 709 examinandum.
893 643 1168 730 Archiepiscopus

57 751 127 793 vero
150 729 288 793 sentiens
312 726 374 792 sibi
396 750 515 816 papam
537 730 678 815 graviter
693 729 858 810 offensum,
873 729 1091 792 testimonium
1107 727 1169 792 sibi

57 811 238 900 perhibente
259 813 455 878 conscientia
475 835 542 895 sua,
563 815 610 876 ire
631 812 810 898 pertimuit3
839 813 925 876 unde
948 835 990 876 ex
1012 813 1168 877 sententia

58 895 260 960 cardinalium
283 897 446 983 totiusque
461 899 604 961 Romane
621 897 708 960 curie
725 918 744 960 a
758 918 845 981 papa
859 897 1167 961 excommunicatur.

59 980 173 1044 Verum
196 980 305 1066 sepius
327 989 460 1044 vocatus
481 981 677 1066 tandemque
698 980 913 1065 peremptorie
937 981 1066 1063 citatus,
1093 981 1169 1064 quia

58 1065 158 1128 venire
179 1065 348 1143 recusavit,
373 1065 459 1128 omni
488 1065 617 1147 honore,
647 1064 680 1128 di
726 1065 801 1129 itate
831 1065 983 1150 omnique
1011 1064 1167 1129 beneficio

58 1157 115 1212 tam
137 1145 274 1212 seculari
296 1169 393 1233 quam
417 1149 552 1235 spiritah
574 1158 686 1234 aposto
699 1150 751 1212 ica
772 1149 960 1212 auctoritate
982 1148 1136 1233 privatur.

134 1231 231 1295 Ηοοιι
253 1253 337 1296 anno
360 1233 496 1320 hyemps
517 1231 645 1318 prolixa
667 1242 699 1297 et
719 1233 896 1318 asperrima
916 1231 986 1299 fuit.

290 1338 385 1399 Anno
407 1335 568 1401 dominice
590 1336 817 1399 incarnationis
841 1335 931 1398 1205.

11 1473 13 1500 ,
134 1414 271 1482 Adolfus
293 1419 551 1505 archiepiscopus
574 1442 632 1505 per
652 1429 752 1484 totam
776 1416 970 1484 Coloniaml
986 1440 1169 1483 excommu-

11 1565 13 1584 ,
59 1501 173 1564 nicatus
196 1500 418 1586 denunciatur,
439 1503 538 1590 idque
564 1526 622 1590 per
649 1525 741 1568 omne
768 1503 968 1588 episcopium
996 1502 1065 1567 fieri
1094 1524 1168 1588 apo-

11 1603 12 1606 ’
60 1583 162 1648 stolica
183 1587 374 1650 auctoritate
389 1589 575 1673 precipitur.
658 1586 828 1673 Philippus
842 1609 902 1650 rex
916 1587 949 1649 in
964 1595 1169 1671 pentecoste⁴²
1179 1607 1235 1650 nar.
1252 1607 1288 1648 aa.

11 1701 12 1704 ¹
61 1667 145 1754 Spire
175 1670 297 1734 curiam
326 1669 448 1753 habuit,
478 1671 533 1736 ubi
556 1669 715 1736 Adolfus‘¹
746 1670 1006 1768 archiepiscopus
1035 1668 1168 1734 consilio

59 1753 228 1816 amicorum
252 1776 383 1818 suorum
413 1756 482 1841 regi
510 1757 696 1841 cunctisque
725 1753 926 1841 principibus
955 1776 990 1818 se
1012 1753 1168 1835 exhibuit,
1223 1802 1226 1806 .

61 1858 148 1920 super
169 1839 366 1904 contricione
394 1849 445 1904 et⁰
476 1840 654 1904 deiectione
682 1861 740 1902 sua
767 1837 934 1902 consilium
961 1847 992 1902 et
1014 1835 1168 1901 auxilium

11 1927 13 1980 f
60 1918 177 1984 illorum
206 1924 283 1986 satis
310 1921 471 1988 humiliter
496 1925 701 2009 imprecatus,
757 1921 819 1986 Oui
845 1944 904 1986 rex
934 1943 1032 2006 quam
1057 1922 1169 1987 intime

11 2059 13 2074 ,
63 2006 262 2090 compatiens,
277 2007 398 2092 quippe
414 2009 469 2094 qui
506 2017 615 2093 ropter
629 2029 663 2072 se
678 2016 744 2070 tam
762 2004 1026 2070 contumeliosam
1046 2015 1170 2092 patere-

62 2095 108 2150 tur
133 2088 305 2174 repulsam,
334 2093 441 2175 ipsum
470 2030 586 2157 blande
622 2092 813 2172 consolatus,
842 2099 985 2174 tempore
1018 2110 1169 2174 congruo,

64 2193 120 2256 quo
141 2195 199 2258 pro
221 2173 342 2238 honore
364 2197 402 2238 ac
425 2174 581 2261 dignitate
595 2176 643 2240 rei
657 2173 786 2260 publice
800 2173 990 2260 propensius
1004 2172 1038 2236 id
1054 2195 1113 2237 exe
1137 2175 1171 2238 ui

11 2287 13 2314 ÷
62 2253 170 2338 valeat,
194 2281 229 2322 se
253 2259 427 2324 certissime
449 2268 619 2324 venturum
641 2257 818 2344 pollicetur.
875 2258 987 2321 iurant
1009 2277 1084 2341 ergo
1108 2258 1171 2320 s1i

63 2349 164 2405 mutuo
198 2364 259 2406 rex
292 2344 398 2407 cuncti
422 2364 462 2407 ue
492 2344 655 2430 principes
687 2351 718 2407 et
749 2341 790 2405 ad
820 2340 1057 2425 expeditionem
1090 2341 1173 2405 hanc

62 2423 92 2485 in
102 2423 235 2490 Octobri
247 2365 472 2492 celebrandam
484 2425 767 2492 sacramentalibus
779 2449 813 2490 se
828 2426 1014 2490 iuramentis
1027 2426 1172 2490 vicissim

65 2505 289 2606 obligaverunt.
332 2511 483 2575 Rhenusl
505 2512 652 2597 superius
675 2518 706 2574 et
727 2509 858 2574 inferius
882 2507 1073 2573 clauditurl.
1108 2509 1170 2573 Lo·

65 2589 199 2658 thanuss
245 2614 350 2658 comes
384 2595 424 2659 de
463 2594 694 2677 Hoinstadinl,
736 2606 872 2680 cognato
915 2614 973 2657 suo
1005 2593 1171 2658 Gerhardo

65 2677 170 2742 comite
199 2678 240 2742 de
269 2679 335 2743 Are
367 2679 480 2744 eadem
513 2680 592 2744 urbe
622 2677 778 2743 violenter
806 2676 951 2763 expulsu,
980 2677 1060 2763 ipse,
1090 2677 1171 2743 inibi

64 2757 209 2826 militibus
233 2763 299 2826 suis
320 2763 443 2846 locatis,
465 2763 604 2828 totaliter
630 2785 701 2828 eam
730 2761 791 2826 sihi
813 2761 989 2848 usurpavit,
1012 2783 1086 2826 cum
1108 2762 1171 2825 nisi

65 2842 261 2911 medietatem
283 2845 427 2912 eiusdem
450 2847 540 2912 urbis
555 2856 649 2912 antea
663 2869 728 2910 non
746 2845 887 2911 haberet.
920 2847 958 2910 In
972 2845 1053 2910 festo
1069 2846 1233 2918 sanctim.
1251 2875 1287 2922 15.

65 2925 125 2990 Viti
147 2929 223 2997 Otto
246 2953 315 3010 rex,
339 2931 528 2996 Heinricusi
550 2931 618 2996 dux
640 2930 681 2996 de
703 2929 877 3014 Lemburg,
901 2930 956 3015 qui
972 2951 1009 2994 eo
1028 2939 1172 3015 tempore

11 3045 13 3076 ε
66 3030 166 3076 curam
187 3014 344 3101 episcopii
366 3014 674 3080 administrandaml
696 3036 788 3079 susce
814 3025 889 3096 erat,
911 3036 977 3077 una
1003 3035 1078 3078 cum
1099 3012 1173 3078 filiis

67 3096 124 3158 suis
134 3097 298 3164 Walravio
311 3100 319 3142 ¹
335 3107 367 3163 et
381 3097 543 3181 Heinrico,
558 3120 683 3164 necnon
698 3109 730 3163 et
740 3110 761 3141 ¹¹¹
806 3097 983 3163 olonienses
991 3110 1016 3179 ¹¹,
1032 3096 1172 3162 adunato

67 3181 200 3246 exercitu
227 3182 333 3247 valido
362 3193 394 3248 et
426 3183 510 3266 forti,
541 3193 679 3247 castrum
716 3183 802 3268 quod
834 3180 1027 3246 Hoinstadin
1059 3181 1174 3245 dicitur

67 3259 219 3348 aliquanto
243 3275 387 3353 tempore
403 3268 593 3349 obsidentes,
609 3266 739 3331 tandem
754 3267 915 3351 resignato
931 3263 1014 3329 sibi⁰
1029 3264 1173 3350 predicto

68 3359 161 3413 castro
185 3350 417 3450 obsidibusque
439 3352 588 3437 acceptis,
612 3349 777 3415 Coloniam
799 3351 919 3415 reversi
934 3359 1020 3414 sunt.
1063 3349 1173 3413 Bruno

68 3428 238 3498 Bunnensis
248 3447 429 3583 preposuus
442 3433 574 3500 Colonie
586 3436 619 3497 in
630 3435 908 3520 archiepiscopum
921 3431 1047 3517 ehgitur
1058 3433 1087 3497 8.
1100 3431 1172 3496 Kal.

11 3585 12 3590 η
69 3511 232 3601 Augustas.
275 3518 304 3582 A
341 3517 505 3584 vvincula
527 3521 628 3583 sancti
650 3519 738 3583 Petri
752 3516 889 3583 Adolfus
904 3517 1172 3604 archiepiscopus,
1184 3541 1240 3591 rua.
1256 3543 1276 3584 1.

11 3595 13 3612 '
72 3617 167 3665 comes
188 3601 385 3685 Iuliacensis,
408 3625 516 3667 comes
538 3602 578 3668 de
600 3601 795 3667 Hoinstadin
828 3623 901 3666 cum
930 3600 1000 3666 aliis
1028 3600 1173 3687 pluribus

72 3680 125 3746 sibi
156 3687 296 3768 sociatis,
326 3698 442 3753 cuncta
472 3709 534 3774 que
568 3686 659 3750 ducis
691 3687 731 3751 de
762 3684 927 3772 Lemburg
956 3685 1076 3772 filiique
1108 3685 1176 3748 eius

71 3764 239 3834 Walravii‘l
262 3793 331 3836 esse
347 3780 495 3858 poteraut
509 3769 667 3836 hostiliter
680 3769 876 3852 invadentes,
893 3791 930 3834 eo
946 3792 1049 3856 usque
1064 3770 1178 3832 insana

73 3943 288 3995 aluos-tunae.
304 3951 353 3994 Aa
383 3947 624 4003 meorumnam
639 3949 686 3992 ra.
718 3948 872 4001 opentooosc
888 3949 934 3992 Aa.
965 3948 1115 4001 numnius
1131 3947 1179 3990 ro.

11 4031 12 4064 p
74 4001 159 4053 θεῖά.
175 4011 217 4050 dea.
233 4010 281 4051 Aa.
328 4009 347 4062 f)
363 4011 453 4051 Renum
470 4033 496 4043 -
512 4012 582 4052 inferi
598 4012 685 4051 claudit
700 4010 749 4050 Ab.
795 4009 819 4062 g)
833 4010 899 4050 Loth.
918 4030 945 4038 -
961 4009 1056 4048 haberet
1071 4009 1113 4050 dee.
1131 4007 1179 4049 Ab.

11 4065 13 4112 l
73 4061 93 4112 h)
107 4065 256 4110 Hoinsthadln
271 4070 310 4110 Aa
326 4075 456 4112 constanter.
522 4069 539 4122 l)
556 4072 628 4110 Henr.
645 4069 686 4110 Aa
707 4080 795 4118 suuper.
862 4069 887 4121 k)
904 4068 1112 4108 administrandum
1128 4066 1177 4106 ΑΞ.

11 4131 13 4146 '
74 4118 88 4169 ll
101 4124 203 4169 Walravo
219 4129 265 4170 Aa.
312 4127 413 4180 m)deeot
429 4129 479 4170 At.
509 4128 534 4182 u)
553 4130 609 4170 0016
625 4129 676 4178 A2;
694 4125 742 4169 Ool’
758 4127 809 4169 Aa.
855 4126 878 4180 ο)
894 4139 912 4167 s.
928 4139 950 4177 p.
967 4128 999 4166 bis
1014 4127 1116 4177 sareptam
1131 4125 1177 4167 Ar.

11 4209 12 4212 η
74 4178 94 4230 r)
108 4183 134 4224 1).
150 4185 194 4227 aa
255 4187 464 4239 pusinnae.

11 4269 13 4328 i
78 4311 100 4366 ll
118 4315 158 4368 Ito
176 4319 253 4371 etiam
274 4317 346 4370 (luat.
369 4319 426 4370 ΙΙΙ.
