2970 4996
286 406 339 456 136
412 403 600 456 GHRONIOA
618 401 731 454 REGIA
752 400 1004 454 COLONIENSIS.
1025 403 1130 455 CONT.
1148 401 1180 455 A.
1203 401 1282 454 1187.

688 573 849 626 Recenrio
869 573 894 626 Ι.
914 581 942 626 et
961 575 1007 626 ΙΙ.

285 680 393 762 miss0,
430 688 547 744 terram
584 702 618 744 re
644 679 669 741 's
701 678 898 742 Francorum
930 678 1071 765 Philippi
1104 701 1179 744 cum
1209 678 1312 763 copiis
1344 679 1411 742 suis

286 765 437 846 invasit⁸;
475 763 561 827 unde
598 764 621 848 [i
645 763 728 847 emb]
772 784 831 826 rex
866 763 1066 827 Francorum
1103 784 1197 850 opem
1230 761 1412 826 Frideriei⁰

286 848 504 912 Romanorum
542 847 672 932 augusti
703 846 845 928 asciscit,
889 868 948 932 pro
993 848 1082 912 cuius
1118 857 1206 912 metu
1239 844 1412 931 Anglicus,

285 933 405 1017 treugis
428 930 520 1014 datis,
543 928 584 995 ab
606 932 733 1028 incepto
754 930 887 996 desistit.

370 1015 408 1077 ln
431 1012 616 1078 Coloniensi
642 1022 832 1099 eprscopatu
860 1035 962 1100 pavor
987 1016 1100 1100 ingens
1130 1016 1279 1078 exoritur.
1323 1012 1411 1077 Nam

287 1099 327 1164 de
349 1100 542 1184 imperatore
567 1119 677 1162 rumor
699 1095 879 1180 celebravit,
903 1098 990 1184 quod
1011 1099 1189 1164 exercitum
1210 1121 1269 1183 per
1289 1106 1410 1162 terram

287 1180 528 1247 Coloniensium
549 1183 583 1245 in
599 1181 756 1246 auxilium
769 1183 888 1246 Franci
905 1185 990 1268 regis
1012 1183 1138 1263 ducere,
1161 1205 1195 1247 re
1209 1192 1318 1247 autem
1332 1203 1412 1246 vera

288 1264 455 1332 Coloniam
479 1265 667 1331 obsidionet
689 1265 807 1330 vallare
828 1267 1015 1332 intenderet.
1050 1267 1186 1331 Pontem
1208 1267 1305 1330 etiam
1319 1274 1410 1330 trans

287 1348 454 1414 Mosellam
470 1347 661 1414 latissimum
683 1349 723 1415 de
737 1349 873 1414 navibus
895 1360 926 1414 et
940 1349 1085 1415 trabibus
1106 1351 1316 1414 transiturus0
1339 1351 1410 1414 fieri

286 1435 432 1498 iusserat.
455 1433 633 1514 Quofmoti
648 1431 900 1521 [Coloniensess]
916 1434 1070 1499 fossatum
1082 1435 1218 1499 civitatis
1228 1435 1411 1498 instaurant

300 1520 353 1582 etll
368 1518 401 1581 in
417 1516 573 1582 aedificiis
587 1539 743 1581 novarum
759 1527 924 1603 portarum
939 1518 1112 1606 insudant]⁸
1135 1517 1411 1604 Archiepiscopus

301 1600 532 1690 Coloniensisi]
557 1600 687 1666 castella
709 1601 862 1666 custodiis
889 1612 921 1667 et
938 1601 1140 1682 victualibus,
1165 1603 1286 1688 oppida
1307 1603 1410 1666 muris

287 1695 319 1750 et
340 1685 434 1750 fossis
457 1688 569 1751 munit.
613 1686 687 1750 Non
710 1687 794 1751 enim
817 1686 851 1749 in
877 1687 981 1772 gratia
1009 1687 1210 1771 imperatoris
1233 1685 1410 1750 admodum

285 1770 355 1851 fuit,
389 1791 426 1833 eo
460 1769 547 1917 tpuod
577 1791 690 1856 papae,
724 1771 779 1916 qpi
811 1771 995 1855 imperatori
1026 1770 1161 1834 infestus
1194 1779 1271 1852 erat,
1304 1771 1409 1856 magis

286 1854 448 1918 videretur
483 1877 586 1937 avere,
609 1862 640 1918 et
661 1876 720 1938 pro
765 1875 802 1917 ac
826 1855 1007 1940 suspicione
1022 1854 1245 1940 imperatoriae
1267 1855 1410 1918 offensae

287 1937 368 2001 fides
404 1937 444 2001 de
477 1937 562 2001 facili
595 1938 729 2024 prestita
760 1937 821 2002 fuit
853 1937 928 2002 huic
964 1938 1202 2002 machinationi.
1256 1937 1409 2003 Attamen

288 2029 423 2104 constat,
455 2023 563 2108 quod¹¹
590 2024 764 2107 imperator
790 2031 900 2086 contra
923 2022 1129 2088 Colonienses
1156 2030 1233 2086 tuno
1255 2022 1409 2108 temporis

286 2103 387 2169 nichil
407 2127 542 2190 pravum
563 2104 763 2187 moliebatur,
794 2115 825 2170 et
851 2107 935 2186 ideo,
957 2105 1033 2169 dum
1056 2106 1098 2169 ad
1120 2127 1194 2172 eum
1216 2104 1332 2170 delatio
1355 2127 1409 2170 cu-

288 2189 439 2252 currisset
475 2191 514 2252 de
550 2186 794 2254 tumultuatione
827 2199 859 2254 et
890 2201 1046 2275 apparatu
1077 2191 1230 2288 ipsorum,
1266 2190 1410 2274 graviter

171 2290 229 2342 aaa
241 2290 275 2333 rr.
287 2270 368 2335 tulit.
411 2273 451 2336 ln
480 2273 700 2358 assumptione
728 2283 856 2338 sanctae
878 2275 1000 2337 Mariae
1028 2295 1151 2337 curram
1180 2273 1292 2339 habuit
1313 2273 1407 2338 Wor-

287 2355 411 2420 maciae
421 2357 439 2437 ¹,
461 2355 518 2421 ubi
540 2377 648 2420 coram
671 2356 870 2443 principibus
917 2359 1127 2422 acrimoniam
1146 2357 1223 2421 fecit
1244 2357 1284 2422 de
1306 2357 1409 2421 archi-

287 2441 438 2524 episcopo
472 2449 504 2504 et
533 2439 787 2524 Coloniensibus,
825 2380 915 2526 quod
944 2443 1110 2505 transitum
1144 2443 1173 2504 ei
1205 2463 1263 2526 per
1289 2450 1408 2506 terram

286 2525 442 2607 imperiim
473 2525 524 2588 sui
549 2535 657 2589 vetare
685 2534 717 2589 et
737 2525 873 2589 verbum
902 2534 966 2588 tam
993 2525 1184 2624 probrosum
1211 2547 1270 2609 per
1299 2522 1411 2590 orbem

287 2607 468 2672 Romanum
490 2609 530 2672 de
553 2630 590 2672 eo
613 2609 822 2672 disseminare
840 2631 903 2672 uon
919 2610 1108 2673 timuissent.
1151 2611 1265 2694 Itaque
1287 2631 1307 2673 a
1327 2609 1410 2675 festo

189 2692 390 2754 massanos
422 2689 534 2755 lacobi
563 2691 689 2755 Renum
722 2690 826 2756 claudi
859 2693 951 2757 iussit
980 2691 1235 2775 Coloniensibus,
1271 2716 1312 2758 ne
1342 2693 1408 2756 fru-

287 2783 395 2838 menta
416 2774 469 2838 vel
489 2775 565 2839 vina
587 2774 702 2839 solito¹¹
724 2775 766 2838 ad
788 2798 843 2840 eos
866 2776 1105 2841 descenderent.
1192 2776 1285 2841 Tunc
1311 2779 1408 2842 etiam

286 2859 370 2922 inter
406 2857 646 2922 Baldewinum⁰
683 2860 922 2924 Traiectensem
958 2863 1146 2948 episcopum
1186 2870 1218 2925 et
1256 2861 1408 2927 Ottonem

287 2942 437 3005 comitem
460 2943 500 3006 de
517 2940 612 3007 (ielre
628 2941 745 3008 bellum
761 2964 859 3028 grave
872 2947 1080 3009 committitur
1094 2965 1154 3029 pro
1171 2953 1255 3009 terra
1269 2944 1408 3022 Velewe‚

287 3025 379 3090 cedes
413 3035 444 3090 et
475 3026 623 3090 incendia
655 3038 856 3111 grassantur,
892 3028 978 3174 opuod
1010 3027 1174 3092 voluntate
1205 3029 1409 3115 imperatoris

285 3110 401 3208 agitari
420 3110 589 3193 ferebatur,
613 3133 676 3198 quo
698 3113 804 3176 minus
826 3113 938 3175 auxili
959 3122 1066 3211 partes
1087 3111 1160 3178 illae
1181 3112 1301 3178 ferrent
1315 3110 1409 3177 Oolo-

285 3193 460 3277 mensibus,
482 3204 515 3258 et
536 3217 576 3258 ne
598 3218 697 3260 naves
718 3198 752 3258 in
774 3197 940 3281 superiora
961 3219 1007 3260 rre
1029 3197 1218 3282 potuissent.

285 3314 381 3400 [Der
411 3314 631 3381 invasione
660 3315 809 3380 Sancte
832 3316 982 3380 Terrae
1013 3326 1051 3382 et
1078 3326 1217 3382 sancte
1247 3315 1408 3382 crucisr

719 3400 969 3488 perditionel.

368 3498 464 3564 Anno
486 3500 598 3564 eodem
620 3523 686 3564 vox
708 3504 850 3582 turturis,
878 3525 943 3566 vox
965 3500 1083 3567 doloris
1106 3511 1138 3568 et
1182 3504 1297 3566 emitus
1326 3501 1408 3566 fines

285 3580 529 3646 christianorum
558 3606 659 3670 usque
684 3585 742 3648 adr
765 3586 876 3650 mundi
896 3585 1009 3650 ultima
1030 3525 1243 3652 lamentabilis
1264 3587 1407 3651 novitate

284 3667 419 3743 rumoris
435 3665 586 3751 perculit:
609 3677 724 3731 terram
749 3679 893 3733 sanctam
908 3669 1115 3752 lherusalem,
1139 3691 1233 3755 quarn
1260 3669 1407 3756 redemp-

284 3749 364 3812 tioni
385 3758 512 3813 nostrae
538 3751 600 3834 ipsi
622 3750 810 3818 dedicarunt
829 3753 928 3838 pedes
954 3755 1097 3837 Domini,
1120 3754 1287 3840 spurciciis
1309 3776 1406 3838 paga-

283 3854 396 3896 norum
413 3834 541 3918 exponi,
556 3855 682 3900 crucem
698 3836 872 3901 salvificam
889 3848 1016 3923 captam
1031 3839 1073 3904 ab
1089 3838 1223 3903 ethnicis
1231 3849 1252 3921 ³,
1266 3847 1405 3924 stragem

284 3915 396 4001 populi
419 3915 580 3980 christiani
601 3917 727 3990 factam.
773 3921 868 4002 Quod
890 3923 925 3985 in
946 3922 1029 3986 hanc
1050 3922 1186 3987 formam
1207 3921 1305 3987 fertur
1322 3923 1405 3986 acci-

285 4076 308 4126 s)
323 4077 413 4117 invadit
427 4079 473 4120 Bl.
533 4077 558 4130 b)
574 4081 687 4124 dcestAt.
701 4083 724 4124 0.
785 4083 807 4136 c)
823 4085 965 4127 naam.
1026 4084 1050 4136 d)
1066 4085 1091 4125 tn
1109 4085 1157 4126 obs.
1175 4085 1221 4125 Bl.
1283 4082 1305 4134 a)
1322 4087 1404 4125 transt·

284 4136 343 4175 turis
359 4136 416 4176 B.0.
477 4135 676 4188 oProquoB.C.
739 4141 826 4194 gldeert
840 4144 890 4186 Aa.
951 4142 975 4195 h)
992 4143 1186 4185 taecdaamrta.
1245 4141 1263 4194 i)
1279 4145 1370 4184 decrtB.
1384 4145 1406 4186 6.
1482 4156 1483 4168 ¹

284 4192 309 4244 k)
326 4203 346 4235 c.
363 4199 444 4234 contra
458 4197 621 4247 imperatorem
638 4200 663 4241 0.
679 4213 702 4240 n.
719 4213 741 4251 p.
759 4212 789 4242 m.
805 4207 821 4243 t.
838 4209 855 4245 t.
870 4204 919 4244 Aa.
980 4202 998 4254 1)
1015 4204 1136 4244 Wirmstis
1152 4203 1195 4242 01.
1255 4201 1288 4254 m)
1305 4206 1321 4242 t.
1339 4213 1404 4243 suam

284 4253 322 4293 vel
339 4254 354 4294 l.
370 4253 422 4303 323
438 4257 455 4295 t.
471 4265 489 4295 s.
506 4261 528 4296 et
544 4258 559 4297 t.
576 4258 616 4300 Fr.
683 4257 708 4310 n)
725 4261 794 4300 solita
809 4262 860 4307 At,
929 4261 1184 4313 o)}3a1duinnumca.
1252 4259 1277 4312 p)
1294 4263 1345 4300 taor
1359 4263 1406 4303 des.

283 4311 400 4411 :pipinoBlss
458 4311 482 4365 q)
498 4315 582 4366 aprum
597 4318 666 4356 oraria
682 4316 715 4371 (†)
732 4319 781 4362 add.
798 4320 845 4360 Bl.
912 4321 933 4371 r)
949 4321 1006 4362 fines
1023 4323 1073 4362 add.
1089 4322 1126 4360 rect
1141 4321 1181 4362 det.
1199 4320 1241 4361 02.
1312 4318 1332 4371 s)
1349 4323 1407 4380 ethl-
