2934 4998
301 400 353 450 282
392 399 579 452 CHRONICA
596 402 709 454 REGIA
729 403 981 455 COLONIENSIS.
1002 404 1104 455 CONT.
1115 405 1149 454 V.
1168 403 1200 454 A.
1214 401 1393 452 1241.1242.
1462 399 1464 416 “

300 579 332 634 et
352 570 481 633 vacavit
503 568 595 634 sedes
617 570 794 657 apostolica
823 593 925 656 usque
955 572 1001 658 [in
1009 571 1033 670 ⁸]
1056 569 1286 644 Nouembrem,
1318 569 1422 635 cardi·
1463 623 1464 626 η

299 651 427 716 nalibus
455 675 521 718 non
549 653 730 721 valentibus
761 655 967 738 concordare,
1003 653 1078 721 hcet
1106 654 1221 719 inclusi
1252 665 1364 720 essent
1390 665 1422 722 et

323 740 394 802 uasi
414 737 448 800 in
470 759 510 801 an
535 741 619 802 ustia
638 739 735 824 positi
758 738 911 804 carcerali
920 740 944 802 ¹³.
987 739 1132 804 Tandem
1148 737 1320 838 elegerunt
1336 737 1422 804 Gau-

298 760 424 885 ledum
452 759 655 904 cardinalem,
687 824 817 888 natione
839 822 1121 904 Mediolanensem,
1177 845 1212 886 ui
1239 822 1348 887 dictus
1377 832 1423 888 est

299 904 481 970 celestinus
497 914 639 991 quartus,
655 915 687 970 et
701 906 784 970 sedit
805 907 919 972 diebus
941 906 1090 972 undecim
1102 919 1123 971 ¹.
1195 917 1265 970 ost⁰
1286 907 1361 987 bec,
1385 928 1421 972 eo

300 1000 456 1070 mortum,
479 991 609 1054 vacavit
630 989 723 1054 sedes
745 1011 945 1076 perannum
967 999 999 1055 et
1019 1013 1146 1057 menses
1167 999 1249 1071 octo,
1277 991 1424 1056 cardina

300 1071 385 1137 libus
407 1072 458 1137 vel
487 1072 745 1138 discordantibus
771 1073 824 1138 vel
851 1072 967 1160 eligere
1000 1074 1213 1156 nolentibusd,
1247 1077 1312 1138 nisi
1343 1077 1423 1162 ipsis

298 1155 512 1221 redderentur
533 1157 597 1220 duo
621 1156 799 1222 cardinales
815 1157 892 1224 Otto
915 1168 947 1222 et
967 1159 1117 1232 Iacobus,
1140 1180 1221 1243 quos
1243 1160 1424 1244 imperator

300 1263 320 1304 a
342 1238 370 1304 le
394 1241 501 1304 atione
524 1240 694 1306 redeuntes
717 1243 803 1327 cepit
824 1252 855 1306 et
876 1243 978 1308 tenuit
999 1243 1152 1341 captivos

416 1323 508 1388 odem
531 1346 615 1388 anno
639 1324 837 1391 Coloniensis
860 1327 1160 1409 etMoguntmensis
1182 1325 1421 1412 archiepiscopi

299 1408 423 1472 animos
446 1419 556 1474 mutuo
578 1409 760 1475 firmantes²
789 1421 821 1475 et
842 1410 1056 1497 apertioribus
1081 1409 1256 1475 obstacidis
1279 1413 1423 1495 impera·

299 1491 380 1557 toris
416 1513 455 1555 ac
490 1493 556 1556 suis
593 1491 771 1575 obviantes,
808 1495 986 1559 exercitum
1022 1503 1193 1559 moverunt
1226 1495 1261 1557 in
1299 1504 1421 1559 terram

298 1577 512 1663 imperiique
539 1577 658 1642 dicitur
677 1577 909 1643 Wederawe‘·³
933 1601 1024 1643 secus
1047 1579 1203 1664 ltogums
1223 1577 1365 1642 fluvium
1394 1587 1424 1643 et

298 1658 345 1724 ibi
400 1658 532 1725 lurimas
566 1661 732 1748 opulentas
763 1659 856 1726 villas
890 1662 1103 1728 incenderunt
1139 1673 1171 1728 et
1202 1671 1423 1728 vastaverunt.

300 1681 448 1824 Quedam
477 1747 574 1810 etiam
595 1747 719 1810 famosa
749 1755 780 1810 et
800 1747 912 1830 gravia
941 1747 1076 1810 crimina
1103 1747 1291 1833 imperatori
1318 1749 1423 1847 impo-

298 1839 419 1910 nentes,
451 1827 729 1895 denunciaverunt
754 1830 860 1914 ipsum
886 1841 1019 1915 propter
1046 1830 1253 1895 huiusmodih
1286 1833 1423 1896 crimina

322 1913 428 1976 ublice
456 1915 778 1978 excommunicatum.
826 1913 922 1977 Hanc
952 1913 1110 2000 siquidem
1143 1937 1202 2002 pro
1232 1938 1266 1980 se
1293 1927 1422 2002 preten-

298 1935 418 2062 debant
444 1998 617 2080 rationem,
653 1996 858 2084 quibusdami
892 1999 998 2062 minus
1030 1997 1271 2065 attendentibus
1304 2001 1421 2086 ipsam,

301 2080 398 2166 quod,
428 2080 504 2146 sede
525 2081 672 2145 Romana
692 2090 826 2146 vacante
854 2089 887 2147 et
908 2081 1063 2147 electione
1089 2105 1173 2169 pape
1200 2105 1262 2168 per
1282 2085 1421 2172 impera·

298 2174 399 2228 torem
421 2164 586 2249 impedita,
615 2165 685 2249 ipse
711 2173 863 2251 tanquam
885 2165 995 2232 fideles
1018 2175 1050 2231 et
1075 2177 1222 2252 potentes
1243 2166 1304 2234 filii
1327 2168 1421 2234 matri

299 2269 365 2330 sue,
399 2247 534 2312 ecclesie
562 2249 726 2313 Romanel
754 2249 905 2331 desolate,
940 2260 1206 2336 compaterentur.
1256 2252 1355 2317 Unde
1388 2275 1420 2318 se

298 2332 477 2396 discrimini
499 2340 609 2396 contra
635 2333 860 2418 imperatorem
882 2335 1011 2399 merito¹
1034 2335 1222 2401 submittere
1246 2336 1419 2420 debebant,

297 2415 428 2479 iniurias
451 2415 585 2480 ecclesie
606 2417 840 2502 prosequendo.

675 2502 769 2564 Anno
788 2501 924 2566 Domini
946 2502 1036 2567 1242.

380 2581 429 2644 lm
455 2581 567 2647 eriales
590 2585 624 2647 in
645 2584 766 2649 diocesi
789 2584 973 2650 Coloniensi
995 2587 1029 2650 in
1051 2597 1177 2673 partem
1199 2610 1291 2652 suam
1314 2599 1418 2654 traxe-

296 2672 371 2728 runt
382 2604 588 2731 W1lhelmum
612 2670 760 2734 comitem
782 2666 995 2734 Iuliacensem
1018 2693 1076 2755 per
1097 2671 1270 2757 pecuniam
1280 2684 1303 2737 ⁴.
1344 2675 1415 2754 Qui,

297 2759 493 2833 congregata
520 2750 641 2833 militia,
675 2752 833 2838 quasdam
859 2752 951 2817 villas
985 2756 1191 2840 eiscopatus
1215 2754 1414 2821 Coloniensis

296 2834 444 2912 vastavit,
460 2835 643 2919 pertingens
654 2858 755 2920 usque
768 2835 954 2900 Bonnamffi.
1009 2837 1072 2902 nde
1087 2842 1196 2925 ipsum
1208 2838 1416 2906 redeuntemn
1462 2835 1464 2918 l

295 2914 559 3003 archiepiscopus
583 2917 793 3002 Coloniensis,
823 2930 954 3006 repente
983 2920 1117 2987 collecto
1144 2921 1275 3006 auxilio,
1305 2925 1415 2990 obvius
1462 2923 1464 2936 ‘

295 3002 425 3085 excepit
445 3002 537 3064 iuxta
558 3000 666 3066 villam
681 3002 901 3068 Mareotim-⁵.
946 3005 1085 3070 Etcum
1107 3016 1206 3072 attem
1232 3007 1332 3072 tando
1354 3009 1414 3074 der
1462 2999 1464 3050 l

294 3103 374 3167 pace
395 3082 514 3148 bellurn
537 3085 785 3170 protraheretur,
814 3107 920 3152 comes
949 3111 1023 3152 cum
1046 3102 1137 3174 parte
1159 3028 1273 3155 militie
1296 3094 1330 3156 in
1351 3115 1415 3157 cre-

295 3166 430 3251 pusculo
451 3167 580 3232 territus
607 3180 639 3233 et
666 3171 784 3234 tacitus
806 3171 884 3236 aufu
907 3173 940 3236 it.
985 3172 1081 3253 Quod
1104 3175 1278 3239 sentientes
1301 3176 1414 3242 milites

295 3258 327 3313 et
355 3250 442 3315 cives
463 3252 640 3336 Aquenses,
668 3253 815 3320 similiter
841 3277 861 3318 a
918 3265 1043 3341 gerunt,
1074 3256 1194 3322 relictis
1245 3260 1413 3325 uibusdam

294 3331 467 3417 peditibus,
490 3335 636 3400 curribus
658 3345 690 3401 et
713 3339 857 3419 sarcinis,
880 3361 943 3424 que
965 3341 1073 3404 omnia
1095 3351 1191 3427 capta
1212 3280 1254 3407 ali
1272 3345 1413 3410 exercitu

294 3415 563 3503 archiepiscopali
584 3428 659 3485 sunt
689 3431 742 3486 eta
771 3421 907 3507 direpta.
949 3422 1135 3489 Modicuml
1164 3433 1295 3514 tempus
1322 3429 1412 3494 intor-

295 3610 316 3663 a)
331 3615 386 3654 dccet
402 3615 450 3656 Dl.
524 3614 548 3666 b)
565 3621 677 3659 carcerati
693 3621 743 3660 Dl.
819 3619 840 3670 o)
854 3623 888 3661 Eo
904 3625 981 3662 autem
998 3627 1088 3664 mortuo
1105 3625 1155 3665 Dr.
1233 3625 1258 3677 d)
1275 3638 1323 3668 non
1338 3629 1411 3669 volen-

294 3672 355 3712 tibus
371 3673 422 3716 Dt.
476 3671 498 3724 c)
514 3676 663 3726 imperatoris
680 3679 730 3719 121.
782 3678 940 3730 owedsrtue
957 3682 1007 3723 oa.
1059 3683 1082 3735 g)
1099 3684 1195 3733 Magon.
1217 3685 1267 3728 122.
1315 3684 1338 3737 h)
1354 3689 1411 3728 stus·

295 3731 424 3772 modtDt.
469 3730 652 3782 i)quibusD1.
702 3737 864 3787 limaeam.
917 3738 934 3791 l)
951 3740 1023 3780 subm.
1042 3742 1166 3784 meam.
1214 3742 1409 3795 m)BonueD1.

294 3786 319 3838 n)
336 3789 465 3830 radiantem
481 3790 529 3831 Μ.
571 3791 785 3843 o)MerechsD2,
830 3794 854 3847 p)
871 3797 990 3838 decatDl.
1035 3798 1059 3851 q)
1076 3811 1103 3840 ac
1118 3800 1166 3841 Da.
1206 3800 1227 3852 r)
1244 3803 1346 3844 Medium
1360 3804 1406 3846 Dl.

296 3944 387 4011 1)Per
407 3947 440 3998 1⁷
460 3947 561 3999 circiter
578 3949 636 4001 dies
656 3950 827 4003 &celestinum
847 3954 885 4016 (d.
897 3955 941 4007 25.
958 3953 1013 4007 Oct.
1033 3959 1151 4024 electum)
1172 3961 1307 4028 diyaitatc
1316 3965 1409 4030 papali

287 4016 414 4081 sanctam
433 4037 496 4082 ease,
516 4029 625 4072 constat.
658 4023 685 4074 0.
742 4023 771 4087 2)
791 4025 820 4076 V.
840 4027 907 4092 dipl.
924 4027 1024 4092 sifridi
1042 4031 1196 4097 archiepisc.
1210 4033 1362 4102 Moquatiai
1377 4039 1408 4090 de

294 4088 337 4138 die
357 4092 399 4142 10.
421 4109 455 4143 m.
474 4090 554 4156 Sept,
572 4090 723 4147 Lacomblet
743 4096 784 4160 II,
799 4115 829 4162 p.
852 4100 912 4150 131.
934 4099 961 4152 0.
1037 4101 1066 4168 3)
1090 4103 1228 4158 tt'etterao.
1306 4109 1334 4173 4)
1352 4110 1406 4162 Iam

295 4176 365 4210 anuo
380 4163 459 4225 1241,
479 4164 543 4214 Deo.
560 4167 583 4214 l.
602 4166 737 4230 Aquearer
756 4169 841 4220 comiti
860 4173 1057 4238 confoederatos
1069 4177 1167 4241 sumac,
1187 4179 1263 4231 docet
1283 4182 1346 4248 dipl.
1364 4201 1404 4250 cp.

293 4229 443 4284 Lacomblet
462 4235 503 4297 II,
523 4253 554 4301 p.
577 4238 637 4288 134.
665 4237 692 4291 0.
772 4240 801 4308 b)
822 4242 883 4294 Noa
909 4244 1018 4297 Martem
1037 4249 1106 4300 inter
1124 4249 1262 4303 Iuliacum
1281 4263 1305 4305 et
1323 4255 1404 4308 Duro-

294 4311 436 4366 cortorum,
455 4307 594 4360 rodvicus
613 4311 690 4364 hodie
709 4314 851 4366 ccrtiuctua
866 4333 951 4383 prope
970 4319 1098 4385 oppidum
1117 4323 1214 4376 Bruti.
1237 4323 1261 4376 0
