2970 4996
280 405 467 458 suasuros
486 405 598 458 asom
618 407 862 462 conoumusm
880 409 912 461 s.
935 410 1014 461 uso.
1173 387 1207 462 ev

453 580 620 633 Receusio
641 582 665 634 1.
686 582 778 634 codd.
798 583 832 633 A.

78 687 151 730 sese
173 687 240 729 uua
262 686 335 729 cum
357 665 436 731 urbe
459 665 613 731 deditioni
634 667 719 753 regis
741 667 940 733 tradiderunt
955 671 990 732 iu
1003 668 1103 735 natali
1117 689 1268 734 sanc-na.
1281 691 1316 734 aa

1 789 2 796 κ
78 759 189 814 torum
210 749 433 814 Innocentum.
477 749 606 816 Coniux
628 750 720 816 ducis
741 753 909 835 Friderici,
932 775 995 838 que
1017 754 1142 820 civibus
1165 753 1208 820 ad

1 836 2 841 ’
80 831 240 898 solacium
261 854 282 898 a
303 834 385 898 duce
406 833 490 899 infra
510 836 625 899 urbem
646 833 757 900 relicta
776 835 889 919 luerat,
911 836 996 903 fame
1018 848 1050 903 et
1063 837 1207 903 nuditate

81 918 203 983 acriter
224 917 353 1000 afflicta,
377 939 397 981 a
424 940 500 1004 rege
521 918 584 983 Liu
621 941 675 984 ero
703 917 866 1004 regalibus
893 919 986 986 donis
1012 920 1208 988 liberaliter·

81 1001 195 1084 ditata,
219 1023 292 1065 cum
315 1003 381 1066 suis
404 1001 561 1067 discessit.
633 1025 676 1067 ex
700 1014 808 1068 autem
836 1027 910 1069 cum
940 1007 1007 1070 suis
1033 1006 1207 1092 ingressus,

81 1084 302 1172 epyphaniam
323 1086 458 1150 Domini
479 1086 562 1151 infra
583 1086 696 1152 urbem
718 1096 889 1154 coronatus
903 1087 1061 1154 celebrat.
1130 1090 1296 1160 Tre-zac.

81 1170 225 1236 verensis
247 1171 419 1269 episcopus
441 1180 553 1235 contra
573 1194 685 1258 regem
707 1173 856 1255 sentiens,
883 1194 920 1237 eo
942 1173 1122 1239 inconsulto
1144 1176 1206 1239 Ro-

1 1279 3 1290 *
81 1275 169 1318 mam
191 1254 302 1337 tend1t,
324 1255 410 1340 regis
432 1276 562 1319 causam
583 1255 670 1343 apud
692 1255 845 1320 domnum
860 1256 1076 1342 apostolicum
1091 1258 1206 1323 distur-

1 1397 2 1402 ,
81 1337 169 1404 bare.
215 1338 271 1403 Set
297 1339 330 1401 in
358 1340 430 1424 ipso
457 1340 571 1404 itinere
599 1362 619 1403 a
641 1338 823 1422 Ouonrado,
851 1342 904 1405 cui
932 1341 1070 1426 favebat,
1100 1340 1206 1407 emulo

81 1423 178 1507 regis,
201 1423 282 1485 miro
297 1422 362 1487 Dei
383 1422 504 1488 iudicio
526 1425 653 1510 capitur
674 1424 761 1488 etin
783 1423 908 1490 vincula
923 1427 1080 1492 conicitur
1096 1425 1205 1513 ibique

79 1508 115 1569 in
138 1527 176 1570 ca
199 1506 325 1571 tivitate
349 1515 489 1572 moritur.

191 1591 320 1654 onorius
348 1611 434 1677 papa
463 1589 558 1672 obiit3
592 1593 645 1656 cui
671 1591 880 1656 Innocentius
909 1594 1073 1658 successit.
1126 1596 1206 1659 Post

81 1674 175 1737 cuius
198 1675 457 1740 constitutionem
477 1674 601 1760 aliquot
629 1674 746 1761 elapsis
774 1675 897 1758 diebus,
928 1676 1060 1764 quidam
1081 1677 1205 1760 Petrus,
1301 1693 1304 1700 “

81 1759 138 1844 qui
160 1768 192 1823 et
207 1757 390 1841 Anacletus,
412 1757 497 1824 filius
511 1759 731 1843 Petrileonisb,
754 1761 809 1846 qui
828 1771 982 1847 papatum
996 1758 1105 1826 multis
1119 1771 1205 1826 retro

78 1837 281 1927 temporibus
317 1843 538 1926 affectaverat,
572 1842 702 1908 militari
739 1865 836 1908 manu
869 1865 956 1930 papa
991 1843 1203 1926 substituitur,

79 1925 300 2072 anpitentibus
336 1927 529 2013 quibusdam
564 1926 782 1992 cardinalibus
815 1929 930 1993 timore
965 1930 1069 2013 magis
1106 1949 1204 2015 quam

79 2031 121 2074 vo
135 2011 271 2074 untari.

154 2094 227 2158 Rex
242 2032 370 2180 bescha
384 2093 569 2160 Goslariae¹
593 2093 743 2170 celebrat,
765 2104 974 2182 pentecosten
992 2117 1069 2161 vero
1085 2095 1203 2178 Quide·
1213 2118 1325 2163 carseo.

79 2176 260 2263 [ingeburg.
297 2177 438 2258 Quidam
459 2180 620 2265 principes
642 2181 725 2244 inter
746 2203 780 2245 se
796 2179 985 2245 dissidentes
1007 2181 1053 2246 ibi
1071 2181 1106 2244 in
1128 2178 1314 2244 con-“⁰⁶³⁸-

80 2260 223 2326 cordiam
234 2262 378 2327 redeunt.
403 2261 595 2350 Norinberg,
608 2263 721 2328 urbem
732 2265 990 2347 munitissimam,
1003 2283 1098 2353 quam
1110 2287 1204 2351 supe-

1 2411 2 2420 ,
79 2347 158 2410 riori
180 2367 264 2410 anno
287 2345 464 2428 obsederat,
486 2369 546 2412 rex
567 2351 599 2411 in
623 2347 818 2414 deditionem
839 2350 975 2498 accepit.
1044 2348 1203 2413 Burchar-

1 2477 2 2480 η
79 2429 139 2494 dus
162 2429 203 2494 de
218 2430 337 2513 Lucca,
359 2431 482 2495 amicus
504 2432 600 2517 regis,
621 2433 656 2495 in
677 2432 834 2498 cimiterio
857 2433 1011 2499 eccesie⁰
1033 2432 1200 2515 occiditur,

77 2514 168 2578 iussu
189 2524 225 2579 ut
244 2513 361 2579 dicitur
374 2515 565 2580 Herimanni
585 2516 711 2581 comitis
727 2516 767 2582 de
782 2517 1021 2603 Winceburg‘l·
1043 2515 1129 2581 unde
1143 2538 1202 2581 rex

77 2619 143 2662 non
165 2598 298 2662 minima
319 2598 451 2664 affectus
473 2600 572 2664 animi
593 2600 737 2682 tristicia,
759 2599 882 2666 scilicet
907 2611 973 2666 tam
1003 2564 1043 2665 de
1071 2602 1202 2666 interitu

77 2682 174 2745 amici
209 2702 304 2767 quam
336 2683 376 2746 de
408 2693 591 2770 perpetrata
621 2685 799 2767 iniusticia,
830 2684 1011 2772 predictum
1040 2695 1201 2750 castrum²

76 2764 248 2830 obsidione
269 2767 456 2832 circumdat.

417 2912 579 2965 Reccusio
599 2911 641 2963 II.
662 2913 755 2964 codd.
775 2914 810 2964 Β.
832 2913 859 2964 0.

148 3003 285 3054 Honorius
312 3019 384 3071 papa
414 3004 514 3067 obiit03
547 3007 596 3056 cui*
622 3007 795 3058 Innocentius
826 3005 1000 3058 secundus
1033 3005 1198 3070 succedit,

77 3069 166 3155 [quis
186 3078 241 3133 ets
263 3068 462 3160 Gregorius].

1 3157 2 3164 ’
147 3159 275 3210 Eodem
300 3167 452 3227 tempore
478 3157 669 3213 constituiturll
696 3168 729 3212 et
755 3163 860 3225 alins,
884 3162 992 3223 Petrus,
1017 3160 1087 3213 lilius
1111 3162 1198 3213 Petri·

72 3227 186 3302 leonisl,
218 3227 266 3289 ets
293 3241 440 3292 Anacletus
468 3242 645 3292 secundus
677 3247 839 3292 vocatur.
900 3227 972 3292 Hac
1000 3226 1199 3294 dissensione

1 3337 2 3362 1
73 3309 284 3375 Innocentius
298 3312 418 3376 Roma¹
441 3311 606 3410 expulsus,
628 3312 670 3376 ad
691 3334 800 3398 regem
822 3313 856 3376 in
872 3310 978 3377 Gallia
999 3334 1034 3376 se
1055 3312 1199 3410 contulit,

73 3403 133 3459 etm
162 3395 236 3480 ipso
264 3406 424 3460 annuente
455 3418 544 3462 vrces
573 3395 766 3482 apostolicas
794 3396 867 3460 hisn
894 3397 927 3459 in
956 3395 1103 3480 partibus
1135 3395 1199 3461 sibr

72 3478 268 3544 vendicavit
313 3478 464 3545 Ceterum
486 3503 528 3546 ex
549 3479 603 3544 illa
624 3490 715 3567 parte
737 3479 869 3568 Alpium
893 3492 1027 3544 omnes⁰
1041 3478 1197 3544 Anacleto

72 3561 236 3627 favebant.
257 3563 378 3628 Verum
389 3565 619 3630 Innocentiuss
634 3565 720 3649 regis
736 3575 769 3630 et
783 3565 972 3651 optimatum
987 3565 1078 3649 regni
1093 3584 1197 3628 corro-

73 3644 230 3712 boratus‘i
253 3647 385 3731 auxilio,
408 3670 450 3712 ex
469 3648 530 3713 hac
549 3658 640 3734 parte
660 3647 792 3748 Alpium
813 3657 952 3736 quatuor
971 3649 1063 3712 annis
1086 3669 1197 3733 agens,

75 3729 212 3795 concilia
234 3734 452 3817 congregavit,
473 3733 603 3798 decreta
623 3743 743 3814 statmt,
769 3735 939 3820 episcopos
968 3733 1137 3814 ordinavit,
1165 3741 1198 3796 et

1 3844 6 3872 t
75 3817 185 3879 omnia
208 3836 271 3901 que
293 3817 371 3882 iuris
392 3815 561 3902 apostolici
583 3827 690 3882 erant?
709 3815 809 3883 libere
832 3819 908 3904 egit.

74 4011 95 4065 s)
111 4015 168 4055 aust
185 4015 235 4054 Al.
295 4015 321 4065 b)
335 4015 479 4057 Peterleonts
495 4016 543 4059 Ar.
605 4015 625 4068 c)
639 4018 695 4057 deest
710 4017 730 4057 Δ
741 4019 761 4059 1.
823 4015 847 4068 d)
863 4016 1000 4064 wirceburg
1016 4014 1071 4065 At,
1087 4015 1195 4056 Wnreze·

73 4074 191 4123 surgas.
206 4087 237 4110 =
252 4072 275 4126 s)
290 4075 555 4120 efficttanlmcn,rec.
614 4073 634 4127 t)
649 4077 700 4116 tccc
708 4077 753 4118 des.
763 4076 807 4116 01.
861 4073 885 4126 g)
901 4075 971 4124 quim
982 4073 1023 4116 Gr.
1035 4075 1054 4114 B
1064 4077 1194 4116 lmumc.

73 4129 95 4182 h)
108 4137 217 4184 tempore
234 4134 345 4175 astruitur
359 4136 382 4175 ct
397 4135 436 4174 Bt
453 4146 511 4176 παπ.
528 4147 569 4175 rec.
616 4135 634 4187 i)
650 4135 665 4177 f.
683 4135 798 4176 Chilionis
814 4135 852 4173 Bt
870 4145 928 4176 παπ.
944 4144 985 4173 rcc-
1030 4133 1054 4185 k)
1069 4135 1125 4173 dccet
1140 4133 1195 4181 1313

73 4201 117 4234 sec.
134 4203 195 4233 παπ.
212 4203 254 4232 rec.
344 4192 363 4246 1)
378 4194 433 4234 hlnc
449 4194 488 4234 Bl
505 4205 561 4235 παπ.
578 4204 619 4237 rec.
709 4193 877 4245 m)decstB1.
972 4190 997 4243 n)
1011 4193 1071 4242 inp.
1086 4193 1132 4232 ntis
1148 4191 1193 4232 Gt.

73 4249 94 4302 ο)
110 4253 167 4292 decet
184 4251 227 4290 02.
274 4250 298 4304 p)
314 4251 369 4294 Nnc.
387 4253 427 4293 Bl
444 4265 501 4293 παπ.
518 4265 558 4293 rec.
620 4251 643 4305 q)
661 4254 801 4294 cantoratus
816 4252 858 4292 Bl
875 4263 935 4292 παπ.
951 4262 991 4291 rcc-
1044 4249 1063 4303 r)
1078 4252 1133 4291 deest
1149 4251 1193 4290 01.

9 4444 14 4469 ¹
73 4399 100 4467 1)
119 4399 193 4454 Aac.
214 4401 348 4470 Maqdeb„
367 4400 417 4458 SS.
437 4401 515 4467 XVI,
530 4421 561 4469 p.
584 4401 649 4454 183.-
669 4401 853 4456 Bavenborch.
926 4398 954 4467 2)
974 4417 1008 4454 sc.
1034 4401 1193 4468 Wiaceburp.

921 4486 960 4550 ὃ*
