2944 5002
304 434 458 485 MARTINI
478 434 725 488 couTmUATIO
745 435 1000 492 COLONIENSIS.
1156 439 1209 489 357

90 607 285 658 inhibicionem
305 607 406 658 domini
424 623 494 675 pape
507 607 648 659 Martini
667 611 800 674 quarti,
820 611 1126 676 quapropteradomino
1138 622 1352 679 papaoomom.

93 682 350 741 excommunicatus,
369 697 452 748 regno
471 682 637 747 Arragonum
661 689 688 734 et
707 684 780 734 omni
799 683 871 750 qnod
890 683 924 733 ab
945 685 1063 736 ecclesia
1081 686 1211 737 tenebat²

91 762 225 826 privatur.
275 746 371 814 Unde
404 758 436 813 et
468 747 616 813 dominus
648 772 735 835 papa
755 748 912 814 Martinus
939 773 973 815 re
998 774 1049 816 em
1071 753 1209 818 Francie

93 841 207 897 contra
228 832 364 898 eundem
379 834 511 898 Petrum
525 855 635 918 regem
646 834 836 918 Arragonie,
859 855 955 919 quem
974 773 1099 902 {udum
1120 839 1210 923 regio

90 919 223 982 nomine
244 919 437 1017 privaverat,
470 918 504 981 in
525 916 682 982 auxilium
703 918 882 1000 accersivit,
910 921 966 1004 qui
988 941 1062 984 cum
1083 922 1210 1006 magnis

92 1003 198 1087 copiis
221 1023 362 1083 vemens,
384 1030 498 1080 regnum
511 1015 680 1080 Arragonum
702 1032 751 1080 per
769 1015 866 1066 milites
889 1021 917 1066 et
937 1018 1124 1082 stipendiarios
1146 1034 1209 1069 suos

91 1108 155 1143 cum
175 1094 274 1144 auxilio
295 1092 433 1144 cnirrsdam
452 1092 551 1144 nobilis
571 1093 604 1142 de
624 1093 773 1159 Arragonia
800 1093 937 1161 transfuga
956 1097 1063 1147 nomine
1083 1096 1211 1148 Iohannis

90 1162 218 1218 invaditb
239 1173 266 1217 et
284 1166 381 1217 multas
401 1168 620 1217 municiones
646 1168 798 1234 occupavit,
827 1168 937 1218 absente
956 1169 1037 1220 Petro
1063 1174 1090 1220 et
1115 1186 1210 1237 procu-

90 1245 170 1290 rante
190 1241 243 1292 sibi
261 1240 419 1305 subsidium,
445 1239 560 1306 qualiter
583 1247 674 1306 posset
692 1243 779 1307 ipsum
798 1256 918 1306 regnum,
943 1259 995 1310 quo
1014 1243 1069 1293 iam
1088 1243 1211 1294 dudum

89 1315 213 1379 privatus
224 1321 288 1376 erat,
309 1313 459 1364 defensare.
488 1313 635 1365 Karolus
655 1319 767 1365 autem
788 1330 845 1364 rex
864 1314 898 1364 de
909 1317 1023 1366 Francis
1042 1317 1162 1382 partibus
1181 1333 1211 1368 se

89 1403 142 1454 per
156 1403 229 1438 mare
243 1386 414 1440 transtulerat
424 1404 518 1439 versus
528 1386 668 1454 Apuliam3
689 1389 763 1438 cuius
783 1387 928 1438 adventum
943 1389 1029 1441 Siculi
1041 1389 1086 1440 vel
1095 1391 1212 1457 Hispani

89 1461 244 1513 etGothi
263 1462 423 1525 sentientes,
444 1476 504 1511 cum
523 1461 657 1526 aliquibus
676 1460 800 1527 galeydis
820 1463 928 1513 mmatis
949 1468 976 1514 et
995 1463 1084 1514 bene
1102 1465 1211 1516 munitis

88 1550 142 1601 per
166 1551 240 1586 mare
259 1539 390 1586 venerunt
407 1534 559 1602 Neapolim,
584 1540 614 1584 ut
631 1536 782 1600 sagacitate
808 1551 857 1586 sua
880 1541 944 1586 ante
968 1538 1040 1602 regis
1065 1537 1211 1589 adventum

88 1615 204 1675 possent
228 1609 329 1659 ibidem
354 1608 469 1675 aliquos,
496 1609 556 1674 qui
579 1611 742 1674 pociores
766 1608 991 1672 videbantur,
1016 1626 1211 1677 provocare

89 1683 134 1733 ad
165 1682 379 1733 conflictum.
417 1681 514 1745 Quod
543 1683 602 1732 ubi
631 1683 803 1749 comperit
830 1681 929 1734 iilius
957 1685 1053 1748 regis
1077 1684 1211 1748 Karali,

89 1762 180 1807 motus
210 1763 237 1807 et
263 1757 390 1807 incitatus
418 1756 496 1807 huius
524 1757 702 1807 animositatis
732 1756 902 1819 clamoribus,
932 1758 1077 1824 assumpsit
1104 1757 1212 1809 solitam

90 1829 245 1893 audaciam,
273 1846 332 1881 cum
358 1831 414 1881 suis
438 1829 612 1880 bellatoribus
637 1829 755 1896 prefatos
780 1830 903 1880 inimicos
928 1830 1091 1896 aggreditur,
1118 1836 1211 1882 contra

90 1919 139 1954 eos
163 1904 276 1954 viriliter
300 1902 454 1970 pugnando.
492 1902 547 1953 Sed
573 1918 621 1970 per
644 1903 765 1954 fraudem
789 1910 928 1954 nautarum
952 1904 1028 1955 multi
1053 1904 1158 1956 nobiles
1184 1910 1212 1956 et

89 1978 212 2028 strennui
235 1981 398 2046 pugnatores
424 1977 591 2027 submersi
617 1982 693 2027 sunt
719 1983 752 2027 et
780 1977 980 2041 intersecti3
1009 1978 1055 2028 ubi
1083 1984 1110 2029 et
1137 1977 1211 2029 idem

88 2053 218 2118 princeps
238 2067 298 2101 cum
317 2053 373 2102 suis
391 2066 532 2100 remanens
552 2055 645 2117 captus
664 2050 723 2113 fuit,
744 2049 866 2101 etmulti
886 2049 933 2100 alii
952 2067 1012 2102 cum
1033 2066 1073 2114 eo,
1092 2051 1211 2102 sednon

90 2127 151 2176 sine
171 2139 269 2190 magna
288 2140 394 2174 suorum
413 2125 581 2174 inimicorum
602 2125 747 2187 occisione,
777 2126 831 2190 qui,
849 2123 924 2174 velut
942 2126 1029 2191 ignari
1048 2124 1210 2176 marinorum

90 2205 245 2269 preliorum,
269 2205 373 2268 experti
393 2208 464 2266 sunt,
487 2204 550 2268 quia
570 2219 625 2254 non
646 2203 697 2253 fuit
717 2203 796 2254 ludus
817 2204 846 2253 in
866 2204 955 2254 undis.
996 2192 1066 2256 Rex
1082 2195 1210 2292 quoque

89 2277 239 2357 Francia,
261 2285 435 2361 antequam
456 2275 498 2340 de
513 2273 627 2340 eadem
642 2274 853 2361 expedicione
869 2285 1091 2359 reverteretur,
1114 2275 1288 2359 obrit31ass.

90 2361 150 2426 sed
171 2361 294 2446 etipse
316 2359 455 2424 Karalus
476 2381 542 2424 uon
562 2359 662 2425 multo
683 2368 758 2444 post
778 2358 947 2425 defunctus
969 2370 1026 2432 est.

175 2445 280 2530 Igitur
293 2443 450 2509 Rudolfus
471 2467 531 2509 rex
552 2454 745 2510 conventum
766 2445 944 2509 maximum
966 2444 1080 2510 habuit
1092 2444 1208 2509 Herbi·
1220 2459 1285 2503 128⁷·

88 2529 184 2617 polis,
213 2529 336 2594 scilicet
355 2530 390 2593 in
408 2528 594 2614 Wiraburg,
623 2530 680 2594 ubi
708 2528 800 2594 multi
826 2531 989 2617 principes
1016 2538 1107 2596 erant
1135 2549 1208 2593 con-

90 2615 235 2702 gregati,
269 2623 497 2679 nauseantem
519 2624 606 2680 tante
627 2613 811 2700 frequencie
839 2614 908 2698 fuit,
941 2614 1028 2700 quod
1056 2614 1208 2679 dominus

90 2721 179 2786 papa
209 2698 366 2764 Martinus
399 2707 431 2762 et
460 2719 519 2762 rex
552 2721 611 2784 per
642 2720 771 2762 omnem
803 2697 1011 2764 Germaniam
1043 2699 1084 2763 de
1115 2700 1208 2764 terris

89 2782 267 2850 arabilibus
290 2782 450 2871 quandam
472 2805 631 2848 summam
651 2784 789 2869 pecunie
810 2783 993 2870 exigebant.
1036 2783 1103 2850 Ubi
1119 2783 1208 2869 Sige-

89 2870 192 2935 fridus
215 2868 416 2934 Coloniensis
444 2867 704 2954 archiepiscopus
732 2867 874 2933 inaudite
901 2879 933 2934 et
960 2867 1086 2933 insolite
1114 2889 1209 2932 exac-

91 2955 178 3019 cioni
200 2955 282 3017 mira
304 2953 485 3018 constantia
512 2961 544 3018 et
564 2951 710 3017 libertate
739 2953 943 3034 contradixit,
972 2953 1070 3017 etita
1097 2974 1136 3017 ea
1156 2973 1208 3017 res

89 3060 279 3126 processum
313 3059 379 3102 non
410 3036 522 3102 habuit
554 3047 585 3101 et
617 3036 770 3122 deinceps
803 3035 958 3101 oblivioni
989 3044 1021 3101 et
1051 3044 1208 3122 perpetuo

90 3121 225 3188 silencio
247 3121 374 3204 tradita,
403 3122 449 3186 sic
494 3121 558 3186 uod
581 3120 757 3185 (alemania
779 3129 845 3185 tota
865 3143 925 3206 per
946 3119 1084 3185 eundem
1106 3119 1207 3184 arehi-

89 3209 281 3359 episcopum
302 3208 463 3304 usquein
515 3205 681 3271 odiamum
706 3204 792 3269 diem
821 3202 862 3269 ab
892 3204 1003 3269 eadem
1034 3205 1208 3270 exaccione

89 3293 114 3358 li
138 3315 193 3358 era
214 3301 399 3377 permansit.

173 3378 302 3441 Interea
323 3373 452 3461 quidam
475 3374 611 3438 nacione
633 3375 832 3439 rusticanus¹
848 3372 1051 3438 Friderioum
1071 3375 1115 3437 im
1141 3395 1208 3438 era-

90 3473 195 3528 torem
217 3483 251 3525 se
274 3460 426 3525 mentitur
448 3458 665 3541 similitudine,
695 3468 727 3524 et
747 3458 808 3523 hac
829 3455 961 3523 fallendi
983 3457 1092 3543 specie
1115 3394 1207 3523 bolo·

88 3548 178 3612 niam
199 3544 310 3625 tendit,
339 3543 396 3608 ubi
418 3566 492 3608 cum
513 3564 534 3607 a
556 3542 802 3609 Coloniensibus
831 3564 906 3607 oum
931 3541 1050 3606 iniuria
1070 3564 1112 3606 ex
1136 3541 1207 3607 elle-

89 3641 188 3712 retur,
200 3629 370 3694 Nussiam⁶
382 3628 526 3707 divertit3
541 3626 598 3692 ubi
609 3649 683 3693 cum
693 3650 752 3728 per
762 3626 894 3714 aliquod
905 3635 1033 3726 tempus
1043 3565 1207 3708 resideret,

88 3716 131 3781 ad
152 3715 214 3779 hoc
234 3713 310 3778 fidei
332 3714 490 3799 processit
509 3712 612 3777 forme
634 3711 850 3795 similitudine,
872 3721 908 3778 ut
929 3732 986 3798 qur
1006 3709 1207 3775 Fridericum

88 3802 316 3886 imperatorem
338 3797 486 3862 viderant
513 3796 589 3883 [ad‘l
611 3819 667 3862 sue
690 3797 893 3882 decepcionis
918 3795 1016 3860 fidem
1043 3793 1206 3884 alliceret].

89 3886 196 3950 Tanta
224 3904 363 3968 namque
390 3881 556 3947 demencia
581 3880 699 3947 multos
728 3891 867 3967 ceperat,
898 3889 935 3945 ut
961 3881 992 3945 ei
1016 3878 1124 3964 regale
1152 3878 1207 3944 ob-

91 3969 240 4069 sequium
264 3967 404 4054 propriis
426 3965 608 4053 sumptibus
635 3965 837 4048 exhiberent3
865 3964 987 4051 aliqui⁰
1015 3983 1104 4044 vero,
1135 3987 1207 4050 per-

90 4053 279 4140 spicacioris
300 4050 489 4125 intellectus,
512 4049 668 4116 duriciam
690 4050 833 4136 corporis
854 4057 887 4114 et
901 4047 1049 4114 servilem
1070 4046 1207 4114 formam

91 4241 253 4296 alienabatur
268 4251 288 4282 c.
363 4238 388 4293 b)
404 4239 521 4281 invaditur
536 4251 553 4280 c.
629 4235 650 4288 c)
664 4238 772 4278 'l'usslam
787 4249 804 4277 e.
879 4233 903 4288 d)
922 4237 984 4276 sanda
1004 4237 1089 4277 inclusa
1109 4237 1208 4288 suppleri

89 4308 175 4344 secutus
184 4303 262 4344 aaron.
276 4300 414 4351 quorundam
429 4310 509 4349 ragam.
569 4297 591 4350 e)
608 4299 696 4348 alloqui
711 4309 737 4345 a,
753 4297 843 4338 sedule.
860 4296 925 4336 lulio
940 4306 1008 4336 mona
1022 4297 1047 4336 ia
1059 4297 1104 4337 loca
1119 4307 1172 4337 raso
1188 4307 1206 4338 a.

93 4456 122 4522 1)
134 4454 175 4508 De
183 4451 232 4506 isto
242 4450 382 4519 impostore
392 4456 514 4504 ammata
525 4448 681 4520 eqitMeyer,
695 4445 877 4514 ‘lileKolap'.
890 4446 1009 4500 Wctzlar.
1022 4447 1115 4517 Proqr.
1124 4445 1206 4499 1868.
