2944 5002
221 428 269 478 EX
288 429 385 481 HIST.
403 427 686 481 EXPEDITIONUM
706 427 745 478 IN
764 428 913 480 TERRAM
933 428 1111 480 SANCTAM.
1167 429 1219 479 341

101 616 122 657 a
137 597 246 660 nautis
261 597 438 660 iuramento
448 595 660 678 firmantibus,
675 597 761 661 viam
777 597 872 660 maris
887 619 929 660 ex
939 609 1054 660 natura
1067 597 1220 682 temporis
1233 625 1297 669 rar.

103 701 180 743 suos
211 691 323 746 ventos
355 680 525 748 habentem
559 683 604 745 eis
637 703 706 745 esse
734 680 945 767 preclausam,
967 690 999 745 et
1020 683 1221 766 presenciam

102 785 216 828 eorum
237 764 336 830 Terre
353 764 469 830 Sancte
492 766 598 829 minus
619 765 686 829 fore
708 764 828 848 utilem,
849 767 991 829 maxime
1013 786 1086 828 eum
1105 766 1220 830 Roma·

101 870 218 912 norum
247 872 305 914 rex
335 860 366 914 et
391 849 530 913 Romani
559 872 632 913 cum
662 849 770 914 multis
803 850 1003 936 principibus
1031 847 1221 916 Alemannie

101 931 164 997 hoc
187 943 330 1020 tempore
345 955 410 997 non
425 935 609 998 transirent:
632 933 798 1018 elegerunt
819 937 927 1019 itaque
948 933 1054 999 medio
1076 944 1221 1018 tempore

100 1018 136 1079 in
164 1018 317 1104 obsequio
347 1019 455 1082 divino
484 1017 641 1083 desudare
670 1030 703 1083 et
735 1019 937 1082 inimicorum
966 1018 1041 1082 fidei
1068 1019 1148 1083 fines
1174 1020 1221 1082 in-

100 1100 229 1183 vadere,
252 1124 348 1188 quam
361 1102 447 1188 apud
465 1100 571 1166 locum
588 1101 727 1188 aliquem
745 1102 938 1189 quiescendo
956 1111 1119 1200 tamquam
1136 1105 1221 1168 servi

100 1185 230 1251 inutiles
259 1188 330 1250 ocio
351 1207 477 1256 vacare.
522 1186 574 1251 Ab
603 1185 664 1250 hoc
690 1199 799 1252 tamen
827 1188 992 1274 proposito
1015 1186 1221 1252 drscordabat

99 1270 288 1336 Werdensis
317 1271 418 1336 abbas
451 1279 482 1335 et
514 1292 624 1336 omnes
651 1271 717 1336 fere
746 1271 896 1337 Frisones
918 1281 950 1335 et
971 1272 1065 1336 etiam
1110 1272 1220 1336 uidam

99 1352 165 1437 alii,
200 1356 255 1441 qui
281 1356 431 1440 proxima
458 1363 549 1419 sexta
576 1357 656 1420 feria
684 1368 758 1443 post
778 1355 896 1421 festum
917 1357 1003 1421 beati
1025 1293 1136 1421 lacdbi
1157 1357 1316 1421 ab⁸nasa

99 1438 278 1504 Ulixibona
301 1462 374 1504 cum
398 1441 560 1525 octoginta
574 1441 711 1505 navibus
726 1438 776 1504 vel
797 1439 894 1526 paulo
917 1440 989 1526 plus
1010 1450 1219 1507 recesserunt.

99 1523 145 1587 Et
166 1525 251 1588 sicut
271 1534 385 1610 postea
406 1547 464 1610 per
487 1523 634 1589 effectum
656 1525 771 1610 patuit,
794 1523 879 1588 solus
904 1548 945 1590 ex
961 1525 1006 1589 eis
1021 1547 1059 1589 eo
1075 1535 1219 1611 tempore

99 1629 166 1672 non
194 1608 419 1672 transfretavit.
470 1607 563 1672 Multi
589 1618 695 1672 tamen
721 1608 838 1673 nebula
866 1607 1020 1695 palpabili
1050 1614 1151 1675 cecati
1177 1609 1220 1674 ad

97 1703 228 1778 portum
252 1692 390 1778 Algazer
416 1693 544 1779 preterb
570 1695 772 1780 propositum
798 1694 890 1757 inviti
918 1716 991 1757 cum
1019 1692 1089 1757 aliis
1118 1693 1219 1780 appli-

97 1786 243 1841 cuerunt.

96 1921 129 1984 3.
162 1920 222 1986 De
244 1920 464 1986 obsidione
488 1922 617 2069 castrfi
638 1919 816 2069 Atlgazer
838 1930 876 1985 et
896 1941 1031 2006 pugna
1052 1918 1207 1986 ibidem

618 2027 663 2069 ac
689 2029 718 2070 a.

183 2125 290 2191 Tertio
317 2127 416 2210 igitur
436 2125 601 2190 Kalendas
623 2125 764 2211 Augusti
792 2147 812 2188 a
833 2125 896 2189 iam
919 2125 1014 2190 dictis
1044 2125 1216 2190 comitibus
1227 2145 1268 2188 rur.
1278 2145 1314 2188 so.

98 2209 267 2276 obsessum
290 2219 338 2274 est
361 2220 511 2292 castrum,
535 2210 620 2296 quod
642 2211 676 2273 in
698 2209 867 2275 dulcedine
888 2219 971 2274 terre
994 2232 1091 2296 super
1111 2209 1217 2275 multi·

95 2293 208 2360 tudine
230 2296 368 2380 piscium
390 2317 428 2359 ac
449 2296 589 2360 ferarum
612 2305 661 2360 est
683 2296 788 2375 sitnm,
812 2305 849 2359 ut
869 2293 965 2379 longe
988 2306 1061 2382 post
1082 2293 1218 2359 advene-

94 2388 171 2444 runt
204 2402 262 2464 per
291 2389 409 2443 terram
438 2379 554 2466 prefati
574 2380 728 2478 ,episcopi
756 2401 830 2443 cum
863 2401 980 2528 mapno
1010 2379 1165 2443 comitatu
1187 2389 1219 2443 et

94 2463 210 2527 fratres
232 2464 272 2528 de
296 2463 411 2529 Gladio
439 2486 513 2528 cum
541 2462 612 2527 ahis
633 2462 805 2528 nobilibus.
849 2464 920 2548 Imp
934 2475 1050 2549 etoque
1071 2465 1218 2550 protinus

94 2547 238 2629 fossato,
285 2549 496 2613 instrumenta
531 2545 648 2613 bellica
692 2558 804 2612 contra
844 2570 952 2612 muros
989 2557 1064 2612 sunt
1100 2559 1216 2618 erecta.

94 2631 310 2697 Accesserant
338 2632 485 2715 fossoreS,
517 2643 554 2697 ut
586 2654 695 2697 muros
726 2631 896 2712 deicerent,
931 2643 963 2698 et
996 2632 1166 2698 Sarraceni
1199 2655 1217 2697 e

96 2718 257 2781 contrario
293 2716 468 2798 fodientes,
512 2727 638 2782 nostros
673 2715 903 2803 impediebant.
960 2717 1114 2781 Attamen
1150 2726 1216 2780 tam

96 2799 225 2864 illorum
248 2823 345 2886 quam
367 2803 500 2866 istorum
522 2800 633 2866 labore
656 2803 761 2865 eirca⁶
781 2801 899 2866 festum
922 2801 1060 2888 apostoli
1081 2800 1327 2872 Bartho-Auaas.

95 2884 194 2950 lomei
221 2909 264 2951 ex
292 2886 434 2950 turribus
466 2907 531 2949 una
560 2885 684 2951 cecidit.
734 2886 803 2949 Nec
831 2895 938 2949 tamen
966 2887 1072 2972 patuit
1098 2885 1215 2949 aditus.

96 2969 235 3034 Interior
256 2991 394 3056 namque
416 2992 491 3056 pars
513 2971 597 3034 muri
619 2970 767 3057 perstitit,
791 2970 847 3055 qui
861 2980 994 3055 propter
1015 2968 1215 3034 latitudinem

97 3053 210 3118 decem
247 3063 280 3118 et
315 3066 387 3120 octo
429 3054 529 3142 pedes
570 3055 784 3119 continentem
819 3073 884 3116 non
919 3064 1045 3139 poterat
1079 3055 1215 3139 accingi.

95 3139 251 3202 Proxima
272 3160 349 3203 vero
371 3151 462 3203 sexta
483 3139 563 3204 feria
577 3147 652 3225 post
672 3138 871 3203 nativitatem
893 3137 986 3203 beate
997 3136 1118 3203 Marie¹
1142 3159 1215 3201 eon·
1227 3155 1284 3207 sor.
1296 3155 1327 3197 er

95 3232 252 3287 venerunt
278 3221 321 3286 ad
342 3245 450 3288 muros
473 3233 632 3309 quatuor²
656 3221 903 3287 Sarracenorum
935 3243 1028 3306 reges
1054 3223 1087 3284 in
1109 3220 1215 3286 multi-

95 3306 208 3371 tudine
228 3307 337 3389 nimia,
359 3307 400 3371 ad
423 3318 549 3372 centurn
572 3305 661 3371 milia
682 3314 802 3371 taxata.
846 3306 904 3370 Isti
925 3328 1026 3393 prope
1050 3307 1215 3371 cristianos

96 3391 139 3455 ad
166 3412 264 3455 unam
292 3389 419 3455 leucam
450 3393 551 3456 fixere
579 3393 726 3472 tentoria,
759 3388 902 3456 volentes
932 3411 986 3455 eos
1015 3390 1128 3475 fugare
1160 3400 1216 3455 aut

95 3477 225 3561 penitus
262 3477 434 3561 captivare.
485 3476 637 3542 Cristiani
672 3474 712 3539 de
748 3497 858 3562 pugna
892 3483 1024 3561 propter
1059 3497 1215 3562 equorum

94 3559 305 3645 indigent-iam
328 3558 519 3642 diffidentes,
541 3561 660 3625 fossato
676 3558 828 3624 citissime
850 3558 946 3642 facto,
968 3581 1002 3623 se
1025 3569 1057 3624 et
1071 3581 1129 3623 sua
1143 3581 1214 3646 pre-

96 3643 269 3709 cluserunt.
326 3643 391 3709 Sed
424 3645 625 3731 omnipotens
658 3644 760 3723 Deus,
793 3645 849 3731 qui
882 3644 1031 3731 superbis
1064 3644 1215 3709 resistens

93 3727 270 3794 humilibus
293 3750 384 3792 suam
407 3727 463 3792 dat
483 3731 632 3814 gratiam,
666 3727 816 3814 dignatus
845 3739 894 3792 est
922 3750 997 3793 suos
1025 3729 1214 3810 confortare,

94 3813 128 3876 in
149 3821 274 3878 tantum
297 3821 333 3877 ut
353 3813 410 3876 in‘¹
431 3814 502 3898 ipso
524 3813 630 3877 medie
652 3814 756 3877 noctis
771 3813 876 3899 spatio
891 3812 983 3877 nobis
1005 3814 1038 3876 in
1058 3811 1214 3876 auxilium

94 3899 235 3962 mitteret
249 3898 381 3962 Petrum
395 3899 586 3982 magistrum
607 3895 724 3962 milicie
739 3895 996 3982 Templariorum
1019 3898 1105 3960 circa
1126 3917 1214 3960 mare

94 3980 167 4045 Deo
201 3980 415 4046 militantium.
459 3982 555 4047 Mane
586 3992 692 4047 autern
724 3981 809 4046 facto
840 3982 1019 4047 festivitatis
1041 3980 1152 4046 Prothi
1182 3990 1214 4046 et
1223 3999 1280 4051 serr.
1291 4002 1329 4045 11.

93 4065 230 4129 lacincti
251 4067 285 4129 in
306 4064 442 4132 elatione
470 4067 613 4130 maxima
640 4065 778 4153 predicti
798 4088 892 4152 reges
913 4087 933 4129 a
954 4075 1045 4151 parte
1068 4065 1213 4131 orientali

92 4226 115 4283 a)
132 4230 163 4270 ad
178 4229 326 4272 Ullxtbonam
342 4243 359 4275 e.
409 4228 433 4282 b)
449 4233 501 4281 pter
516 4242 533 4272 e.
587 4229 609 4282 c)
625 4231 712 4271 circum
726 4241 784 4273 corr.
800 4231 861 4271 circa
875 4241 893 4270 c.
964 4225 988 4282 d)
1002 4235 1053 4281 port
1068 4241 1176 4282 mperecr.
1192 4241 1210 4272 c.

94 4363 123 4432 1)
144 4361 283 4416 Nativitas
303 4364 326 4415 b.
346 4362 454 4416 Mariae
473 4363 521 4415 hoc
540 4380 611 4414 anuo
631 4371 706 4415 secta
725 4370 783 4414 erat
793 4362 879 4429 fer-ia.
982 4361 1011 4428 2)
1036 4362 1159 4416 carmem
1179 4363 1211 4413 In

93 4455 143 4491 nos
164 4440 300 4505 conspirat
317 4438 437 4505 Ispania,
457 4438 549 4505 dirigit
568 4439 595 4488 in
615 4453 664 4488 nos
697 4438 762 4488 Tres
781 4453 874 4503 regem
885 4435 1006 4504 sortasse
1024 4439 1100 4489 metri
1118 4453 1211 4489 rausa.
