2942 4998
290 408 356 459 ΧΠ
578 403 766 457 ennomus
785 403 898 458 suala
917 401 1170 456 COLONIENSIS.

378 575 491 642 Codici
512 574 567 637 Β]
591 574 628 638 bi
644 573 823 658 praemissi
845 581 921 635 sunt
942 593 1074 636 versus:

418 676 556 743 Oronica
577 675 668 740 dicor
690 695 761 759 ego,
784 673 951 738 mendacia
973 682 1088 738 cuncta
1110 671 1227 759 relego,

481 759 594 824 Mundi
616 759 776 845 principio
799 759 952 844 temporis
973 768 1046 822 acta
1068 758 1144 822 scio.

417 845 536 909 Munus
557 844 700 908 munifici
723 841 866 907 custodis
888 842 1078 908 Theoderici

480 928 578 993 Leton
597 950 658 1012 ego
680 927 759 1010 dici;
782 928 901 1012 pagina
921 926 1018 1014 plana
1038 926 1145 990 michi.

416 1011 602 1094 Pantaleon,
624 1011 741 1076 multos
763 1011 892 1076 codices
914 1034 996 1099 eque
1018 1010 1115 1075 michi
1138 1009 1250 1091 cultos,

482 1096 571 1178 Quos
592 1095 669 1162 fecit
691 1095 798 1178 scribi,
821 1094 956 1160 contulit
976 1097 1035 1160 istc
1057 1094 1130 1160 tibi!

418 1180 499 1246 Auri
521 1180 689 1267 splendore
710 1181 791 1244 nitet
812 1201 877 1262 ara,
900 1180 1078 1267 chorusque
1101 1176 1216 1261 colore,

482 1265 591 1331 Theca
612 1265 721 1329 libris:
743 1263 840 1330 studii
862 1273 936 1329 sunt
957 1265 1019 1329 tn'a
1041 1265 1134 1349 signa
1155 1264 1211 1349 pii.

377 1369 442 1432 His
465 1390 531 1432 non
555 1378 716 1433 auctorem
737 1367 823 1450 libri,
845 1368 993 1432 sedeam
1014 1368 1172 1448 indicari,
1195 1367 1253 1452 qui
1269 1368 1411 1432 codicem

293 1455 489 1518 monasterio
517 1453 602 1517 dono
633 1453 731 1534 dedit,
750 1451 899 1538 fortasse
928 1475 998 1517 eum
1030 1452 1131 1516 scribi
1157 1452 1266 1532 iussit,
1296 1453 1411 1536 primo

291 1546 383 1622 patet
405 1546 549 1623 aspectu.

380 1622 499 1685 Eorum
521 1619 590 1686 loco
613 1619 694 1685 alter
717 1619 825 1686 Oodea
846 1618 933 1704 (02)
957 1620 1014 1685 Iros
1035 1619 1145 1684 babet:

420 1721 557 1788 Oronica
578 1723 667 1788 dicor
689 1744 759 1822 ego,
782 1722 949 1789 mendacia
971 1731 1089 1786 cuncta
1109 1720 1226 1807 relego,

482 1807 596 1872 Mundi
617 1809 778 1908 princlpio
800 1803 953 1894 temporis
974 1814 1047 1870 acta
1068 1807 1145 1870 scic.
1325 1809 1326 1812 ’

419 1891 493 1956 Η11
514 1892 649 1978 perfeelt
670 1913 751 1978 opus
772 1892 875 1956 iustus
898 1892 971 1977 pius
993 1891 1080 1972 Otto,
1104 1888 1252 1955 scabinus

482 1976 607 2058 Nussie,
628 1976 779 2063 precibus
799 1976 932 2058 nostris3
956 1972 1068 2038 dilexit
1089 1983 1121 2038 et
1141 1973 1194 2038 hic
1215 1975 1275 2039 ius.

381 2078 506 2152 Quibus
527 2079 659 2144 testibus
674 2079 762 2143 ‘Otto
784 2079 938 2144 scabinus
960 2078 1113 2143 Nussiae'
1137 2099 1280 2227 opusspe
1317 2078 1410 2159 eeit1,

290 2162 444 2247 precibus
474 2162 636 2227 adductus
665 2165 771 2228 nescio
801 2172 910 2228 utrum
945 2163 1177 2228 canonicorum
1238 2207 1245 2226 .
1314 2164 1411 2226 ariae

294 2246 467 2330 Aquensis,
490 2247 535 2310 ad
557 2269 637 2333 qnos
659 2247 759 2312 codes
773 2248 948 2333 pertinuit,
971 2271 1016 2310 au
1036 2248 1268 2311 monachorum
1292 2245 1412 2311 Sancti

294 2330 517 2412 Pautalecuis,
540 2334 597 2432 qui
617 2333 725 2396 virum
746 2333 884 2396 scientia
904 2333 991 2396 iuris
1013 2333 1226 2416 conspicuum
1256 2330 1301 2394 ad
1322 2332 1411 2394 bunc

294 2415 412 2480 librum
435 2415 671 2498 conficiendum
688 2418 935 2501 permovissent.
972 2416 1122 2480 Attamen
1138 2437 1263 2480 meeum
1279 2415 1411 2500 quidem

295 2508 460 2564 auctorem
476 2501 676 2585 praedicare
699 2502 817 2564 ausim.
851 2501 1047 2565 Tritbemius
1063 2498 1280 2578 Godefridum
1295 2521 1410 2565 mona-

295 2584 389 2648 cbum
411 2583 530 2648 Sancti
550 2584 764 2649 Pantaleonis
791 2606 900 2650 rerum
927 2586 1117 2669 scriptorem
1144 2569 1295 2648 iaudat&
1344 2583 1413 2648 Sed

296 2669 334 2732 de
362 2668 420 2734 boc
449 2668 534 2733 nibil
557 2690 701 2769 prorsus
723 2678 850 2734 constat
858 2678 880 2750 ³,
911 2691 1011 2754 neque
1035 2669 1204 2734 Tritbemii
1230 2669 1413 2732 auctoritas

295 2761 390 2818 tanta
406 2762 461 2834 est,
477 2763 512 2816 ut
534 2775 604 2816 1111
618 2753 689 2836 fide
705 2751 887 2839 Godefrido
904 2752 1079 2817 annalium
1094 2775 1196 2838 nsque
1212 2753 1256 2817 ad
1272 2751 1411 2817 111237.

296 2838 557 2901 continuatorum
609 2838 738 2918 loriam,
793 2861 838 2901 ua
865 2837 922 2902 diu
947 2843 1075 2922 potitus
1103 2845 1176 2917 est⁴,
1198 2837 1413 2901 vindicemus.

296 2921 339 2984 Et
367 2930 459 3001 certe,
491 2861 673 3004 compiures
705 2924 743 2986 in
771 2861 834 2987 boc
863 2944 959 3006 opere
992 2919 1191 3002 conficiendo
1221 2920 1413 3002 desudasse,

296 3005 468 3069 verisimile
490 3014 543 3069 est.
1465 3075 1466 3090 ,

379 3089 535 3171 Primum,
557 3088 750 3153 Ekkebardi
763 3088 916 3154 ebronico
930 3093 1056 3171 reiecto,
1077 3112 1164 3154 1111
1178 3090 1317 3154 historia
1334 3089 1412 3154 uni·
1459 3087 1465 3132 '⁸

296 3173 434 3237 versatis
463 3175 640 3259 composita
669 3183 716 3238 est
742 3174 820 3240 inde
843 3197 864 3237 a
886 3174 972 3239 Nini
993 3174 1198 3259 temporibus.
1248 3173 1291 3236 Et
1312 3173 1414 3237 buius
1463 3181 1465 3222 ἒ

298 3279 422 3344 quoque
444 3257 568 3343 dupien
588 3267 694 3322 eastat
714 3260 868 3340 recensio,
891 3259 997 3323 altera
1018 3262 1148 3325 uberior
1174 3260 1212 3321 in
1238 3257 1347 3322 codiee
1369 3257 1413 3338 B,
1463 3235 1465 3364 ἰ

298 3342 402 3406 altera
417 3342 585 3407 nonnullis
607 3341 686 3409 loeis
707 3343 884 3408 breviaret
907 3343 1002 3409 aliter
1024 3344 1186 3427 disposita
1207 3344 1243 3406 in
1258 3341 1319 3408 01.
1344 3339 1414 3414 Qui
1463 3365 1465 3398 ³

298 3451 369 3491 cum
399 3449 489 3491 1111
518 3427 643 3492 demum
674 3428 746 3492 700.
767 3430 921 3511 incipiat,
951 3429 990 3492 de
1015 3429 1129 3512 prima
1159 3426 1287 3513 quidem
1315 3435 1412 3509 parte

296 3511 447 3575 indicare
477 3511 570 3575 baud
590 3534 783 3596 possumus;
813 3535 896 3576 saec.
925 3511 1011 3578 VIII.
1032 3522 1062 3576 et
1082 3511 1140 3575 IX.
1165 3509 1211 3576 01
1235 3509 1367 3596 lampius
1391 3533 1413 3574 a

288 3594 443 3679 fontibus
469 3596 590 3658 recedit
617 3618 714 3680 quam
735 3596 777 3676 B,
804 3596 966 3661 nonnulla
993 3597 1097 3676 addit,
1126 3619 1236 3660 rerum
1264 3595 1413 3660 ordinem

298 3686 411 3759 mutat,
442 3677 612 3744 nonnullis
642 3678 722 3744 iocis
754 3681 863 3764 operis
894 3680 1077 3766 imperfecti
1108 3681 1244 3763 speciem
1267 3679 1411 3763 praebet.
1463 3695 1465 3704 ’

301 3887 329 3954 1)
348 3885 408 3938 Hoc
433 3886 466 3938 de
489 3888 635 3954 attemptari
650 3890 726 3954 sacta
749 3889 949 3957 intellipendum
973 3908 1035 3956 esse,
1061 3898 1091 3940 ut
1110 3889 1233 3953 Bbdmer,
1253 3889 1351 3941 Fontes
1371 3889 1412 3954 II,

295 3979 326 4028 p.
346 3973 435 4024 XXXV,
455 3967 479 4014 et
497 3961 663 4014 Wattendacb
675 3962 717 4027 II,
734 3965 844 4028 11340.
863 3971 1021 4028 statuerumt,
1040 3981 1094 4016 non
1110 3972 1186 4029 puto.
1225 3963 1317 4030 Neque
1336 3981 1413 4015 1111-

300 4035 390 4086 bulum
409 4034 534 4099 ‘presserit'
552 4035 591 4088 ita
609 4037 775 4103 interpretor,
796 4045 825 4087 ut
837 4037 1048 4090 ‘ollerhb’cbsteus
1067 4039 1124 4104 aus
1131 4036 1215 4105 cinips
1234 4035 1414 4088 Scotussam

300 4108 357 4159 sicb
380 4106 488 4160 beriebe'
508 4109 637 4176 (Bdbmer
659 4113 676 4162 l.
702 4111 743 4177 t).
789 4108 929 4162 ‘Scabinua
955 4110 1061 4164 Nursie'
1085 4112 1158 4162 nulio
1183 4111 1259 4162 modo
1286 4127 1414 4178 apnomen

300 4179 421 4233 monachi
441 4181 579 4236 cuiusdam
606 4185 699 4236 baberi
718 4193 820 4250 potest5
849 4184 904 4248 sed,
924 4183 948 4234 si
965 4203 1019 4237 111
1037 4185 1188 4248 monachus,
1208 4193 1274 4237 certe
1294 4185 1413 4248 clariores,

300 4252 353 4305 nisi
370 4255 449 4306 ratde
461 4257 557 4320 fallor,
577 4256 655 4309 etium
672 4257 797 4312 scabinus
810 4258 975 4324 etipipotuit.
1051 4259 1079 4325 2)
1093 4258 1163 4310 Anu.
1173 4257 1304 4325 Hirsaup.
1320 4257 1413 4324 praes.

302 4327 331 4394 3)
351 4325 392 4393 Qf.
405 4326 545 4382 Lehmann
559 4348 592 4397 p.
608 4332 685 4383 111.
760 4330 791 4398 4)
809 4330 915 4382 Primus
931 4331 1072 4395 Freberus,
1092 4331 1200 4382 adimus
1213 4331 1328 4383 Bdbmer
1348 4347 1415 4398 opus

302 4402 349 4452 troc
367 4401 471 4456 nomine
489 4403 687 4471 inscripserunt.
