2934 4998
135 402 323 454 CHRONICA
341 403 455 455 RECIA
476 401 726 455 COLONIENSIS.
746 404 909 459 cortulv,
927 407 959 457 A.
973 405 1052 458 1236.
1127 406 1179 456 269

54 571 124 636 sibi
146 572 290 636 assumit.
333 570 446 657 Itaque
469 570 589 636 ducens
612 572 789 636 exercitum
811 582 922 637 contra
939 572 1180 658 Langobardos,

54 657 212 720 conmisit
242 655 312 741 regi
332 655 561 720 Boemiorum³
593 665 626 720 et
654 655 895 721 duci'Bawanie
924 665 956 722 et
985 657 1180 743 quibusdam

55 763 75 805 e
104 741 225 822 iscopis
247 749 364 804 terram
386 740 477 804 ducis
498 740 628 804 Austrie
650 740 900 826 expugnandam
922 752 1055 827 propter
1075 740 1180 805 multi-

55 764 165 910 plices
188 845 339 888 excessus
362 833 393 888 et
414 823 566 904 facinora,
600 825 716 910 quibus
744 825 829 890 idem
852 825 920 890 dux
941 825 1027 889 fama
1049 823 1181 910 publica

53 908 238 975 laborabat.
282 909 347 989 Qui
368 908 531 973 Austriam
557 909 704 1007 ingressi,
726 909 886 974 adiunctis
908 909 970 973 sibi
996 907 1180 974 nobilibusb

54 1003 155 1075 terre,
183 1015 263 1079 quos
282 994 354 1078 ipse
383 992 452 1057 dux
472 1003 566 1058 antea
592 993 710 1058 miuste
737 1002 940 1079 oppresserat
969 1002 1000 1057 et
1028 992 1068 1058 de
1096 1001 1181 1057 terra

55 1101 120 1144 sua
154 1078 301 1159 eiecerat,
333 1085 434 1141 totam
456 1077 620 1142 Austriam
653 1076 902 1142 devastaverunt
929 1088 961 1142 et
992 1079 1181 1162 imperatori

56 1162 316 1246 subiugaverunt
344 1172 452 1248 preter
477 1183 583 1247 pauca
610 1171 714 1226 castra
746 1162 969 1242 munitissima,
1000 1162 1033 1224 in
1063 1163 1180 1247 quibus

56 1249 133 1334 ipse
149 1246 217 1310 dux
231 1247 387 1332 profugus
403 1269 436 1310 se
452 1246 583 1331 recepit.
668 1246 800 1310 Interim
815 1247 1179 1333 imperatorAugustam

56 1332 205 1410 veniens,
236 1352 367 1394 manum
388 1329 557 1394 militarem
580 1331 613 1393 in
635 1332 758 1416 campis
780 1331 873 1395 Lici⁰
902 1329 1031 1430 colligit,
1053 1340 1086 1395 et
1106 1331 1179 1394 inde

85 1415 227 1480 refectus
255 1415 289 1478 in
316 1413 429 1498 vigilia
450 1413 572 1497 Iacobi,
600 1413 686 1478 mille
716 1414 831 1479 milites
860 1417 893 1478 in
914 1415 1041 1480 Itaham
1069 1435 1281 1479 secumdam.

58 1439 164 1564 ducit.
223 1499 408 1563 Transactis
443 1499 488 1562 ita
510 1521 551 1564 ue
588 1497 737 1585 Alpibus,
774 1500 926 1563 miliciam
963 1522 1054 1564 suam
1091 1499 1180 1585 apud

58 1585 226 1650 Veronam
248 1581 378 1669 colligit,
408 1605 471 1668 que
490 1521 612 1648 ibidem
640 1596 732 1648 extra
759 1606 867 1648 muros
895 1582 968 1668 plus
998 1605 1094 1669 quam
1122 1606 1181 1669 per

59 1691 206 1733 mensem
248 1667 480 1753 perendinavit.
538 1667 666 1731 Dehinc
703 1667 987 1749 Cremonensibus,
1031 1669 1086 1753 qui
1129 1668 1181 1732 sui

58 1753 248 1818 fauctores‘l
270 1761 369 1834 erant,
392 1752 590 1833 coniunctus,
612 1751 687 1817 licet
702 1750 955 1816 Mediolanenses
971 1760 1004 1816 et
1025 1755 1073 1816 sui
1096 1773 1180 1815 com·

59 1836 165 1937 plices
187 1836 323 1901 frustrae
345 1837 529 1900 resisterent
554 1847 586 1900 et
612 1837 656 1900 im
682 1836 771 1900 eriali
797 1837 919 1922 agmini
945 1845 1036 1922 terga
1058 1836 1179 1918 darent,

59 1929 240 2008 1mperator
254 1942 326 1984 cum
344 1919 613 1986 Cremonensibus
663 1932 794 1984 antuam
810 1919 873 1984 sibi
887 1919 1037 1986 rebellem
1056 1921 1182 1984 invadit

62 2016 98 2072 ct
130 2027 331 2092 quecumque
363 2016 455 2069 extra
487 2026 596 2068 muros
625 2014 715 2070 erant
747 2005 901 2069 devastat.
952 2004 1044 2069 Duos
1077 2005 1180 2069 eciam

62 2113 197 2155 suorum
207 2090 332 2174 burgos
347 2111 443 2174 super
456 2088 591 2152 fluvium
606 2091 662 2175 qui
677 2089 794 2154 dicitur
808 2089 921 2173 Oyus¹
944 2091 1020 2154 sitos
1034 2098 1181 2175 potenter

61 2176 166 2260 capit,
202 2195 339 2259 quorum
375 2196 457 2238 unus
493 2172 717 2251 Machares-²,
755 2172 835 2238 alter
864 2174 957 2238 Mosa
987 2175 1179 2237 nominatur.

60 2259 260 2344 Imperatore
282 2268 389 2323 autem
406 2258 493 2344 apud
508 2257 725 2322 Cremonam&
746 2270 905 2336 manente,
927 2258 1082 2340 Paduani,
1104 2257 1181 2322 Ter-

60 2343 178 2423 visini,
201 2342 394 2424 Vincentini,
424 2364 549 2406 necnon
578 2342 744 2406 Mantuani
778 2343 812 2406 in
841 2343 950 2407 odium
977 2343 1021 2405 im
1047 2341 1179 2407 cratoris

61 2427 142 2492 fines
165 2426 577 2509 invaduntVeronensium,
601 2427 782 2492 obsidentes
799 2439 937 2492 castrum
953 2364 1044 2513 quod
1062 2426 1180 2490 dieitur

61 2511 258 2598 Ripa-alta³.
306 2512 409 2596 Igitur
434 2510 596 2590 Ezelinus,
624 2513 675 2574 vir
701 2511 846 2576 militaris
874 2512 956 2576 inter
977 2510 1180 2576 Veronenses

62 2598 182 2675 maior,
215 2597 341 2659 nunciis
374 2596 479 2659 missis
511 2594 666 2658 auxilium
694 2595 847 2682 implorat
871 2596 916 2658 im
941 2597 1089 2678 cratoris3
1123 2596 1179 2680 qui

63 2679 239 2766 respondit,
261 2702 295 2744 se
315 2680 378 2765 ipsi
392 2677 601 2765 personaliter
616 2701 855 2745 succursurum.
892 2618 986 2745 [lide
1000 2677 1180 2744 incredibili

63 2763 224 2830 celeritate
253 2785 273 2826 a
294 2762 455 2829 Cremona
486 2785 588 2849 usque
609 2763 772 2829 Veronam
804 2766 898 2829 unius
926 2764 990 2828 diei
1017 2773 1050 2828 et
1075 2764 1179 2829 noctis

63 2849 177 2935 spacio
209 2870 301 2913 suam
328 2847 483 2912 miliciam
514 2847 660 2912 adduxit.
702 2849 799 2914 Mane
830 2849 914 2914 facto
947 2857 1051 2912 casua
1079 2848 1180 2911 movit

62 2933 238 3019 imperator
272 2932 444 2998 adversum
484 2931 600 2998 hostes.
656 2933 898 3019 Apparentibus
934 2943 1042 2997 autem
1078 2933 1178 3017 signis

63 3015 282 3116 imperialibus
303 3027 369 3081 tam
391 3016 554 3101 inopinato
577 3025 731 3102 tempore,
753 3017 888 3082 adtoniti
910 3027 985 3081 sunt
1005 3015 1123 3096 hostes,
1146 3025 1179 3080 et

63 3101 182 3201 rehctis
199 3102 342 3166 tentoriis
357 3101 399 3166 ad
413 3101 545 3187 propria
560 3123 656 3165 cursu
670 3101 820 3187 precipiti
834 3107 1026 3166 remearunt.
1053 3099 1177 3164 Verum

63 3196 237 3333 rmperpltpip
255 3269 388 3334 credens
409 3279 526 3351 actum,
548 3290 621 3333 cum
644 3268 723 3368 quid
743 3278 879 3334 restaret
899 3265 1080 3353 agendum',
1187 3252 1309 3359 wa

63 3356 254 3440 preveniens
270 3376 399 3418 cursum
414 3353 562 3435 hostium,
578 3352 621 3416 ad
635 3355 797 3418 civitatem
805 3353 1009 3418 Vincentiam
1020 3351 1178 3450 pervenit,

64 3449 96 3503 et
116 3439 222 3524 primo
249 3439 411 3502 incautam
439 3447 471 3502 et
492 3449 645 3523 tauquam
671 3439 757 3501 cives
785 3438 933 3524 proprios
961 3435 1078 3501 mihtes
1099 3435 1178 3500 reci-

63 3523 216 3608 pientem,
229 3521 305 3588 licet
318 3533 430 3608 postea
443 3523 578 3587 frustrae
590 3523 782 3604 resisterent,
795 3522 882 3608 cepit
891 3530 924 3587 et
936 3522 1011 3607 igne
1025 3519 1177 3602 incendit,

64 3605 164 3692 vulgo
186 3606 227 3671 ad
249 3607 402 3671 maiorem
435 3605 582 3670 eclesiam
612 3606 822 3691 confugiente,
855 3616 892 3670 ut
920 3628 953 3670 se
975 3604 1095 3670 ibidem
1118 3602 1177 3668 sal-

64 3699 186 3762 varent,
229 3690 374 3755 Tandem
403 3690 559 3755 incendiis
588 3689 836 3776 quiescentibus,
868 3691 1043 3776 imperator
1068 3689 1178 3836 {triete

65 3775 227 3840 civitatem
242 3775 415 3861 occupavit
429 3776 508 3840 etin
523 3775 619 3839 domo
635 3798 652 3840 e
676 3774 811 3860 iscopali
825 3774 1036 3860 pernoctavit.
1099 3772 1178 3838 ebus
1208 3845 1210 3855 y

64 3859 173 3945 itaque
196 3859 261 3923 suis
283 3860 403 3924 ibidem
424 3860 458 3922 in
468 3857 641 3944 Longobar
663 3861 695 3922 ia
708 3859 903 3945 dispositish,
925 3867 958 3924 et
976 3866 1067 3943 parte
1089 3878 1179 3921 exer·

66 3945 147 4007 citus
169 3944 219 4007 sui
240 3942 360 4026 relicta,
382 3944 557 4030 imperator
570 3943 766 4029 regrediens,
788 3944 830 4007 ad
844 3942 1008 4008 Austriam
1030 3939 1178 4020 declinat,

67 4141 405 4194 amoenitatum-episeopis
420 4144 445 4183 tn
460 4143 505 4183 loco
520 4155 572 4185 raso
588 4147 637 4189 Bl.
697 4145 721 4198 b)
735 4144 778 4183 bus
793 4155 804 4183 e
818 4154 875 4184 corr.
893 4143 938 4181 131.
999 4139 1020 4192 c)
1037 4141 1114 4180 Licin
1131 4140 1178 4182 131.

67 4200 90 4254 d)
106 4205 137 4243 ita
153 4204 206 4252 B1;
222 4204 321 4244 factores
336 4203 379 4244 01.
416 4200 438 4253 e)
455 4203 587 4247 tuarum.
637 4203 827 4254 otiositatem
842 4200 1004 4242 Machsraol.
1054 4199 1189 4251 morano·

67 4263 128 4302 niam
145 4262 189 4304 01.
200 4265 222 4305 Ξ.
282 4261 306 4313 h)
322 4263 346 4302 ia
362 4264 408 4302 loro
423 4273 475 4301 raso
491 4262 542 4305 131.

70 4419 97 4487 1)
119 4419 202 4489 Optio.
277 4420 306 4488 2)
326 4420 463 4474 Mercurio
481 4428 506 4474 et
525 4421 619 4474 Morio.
694 4421 723 4489 3)
743 4421 861 4474 Rivalis.
