2970 4996
198 406 384 460 CHRONIOA
402 408 517 461 nacla
537 404 790 460 OOLONIENSIS.
811 409 915 461 CONT.
935 409 966 461 Α.
989 409 1067 461 1187.
1141 411 1193 462 137
1240 445 1245 453 -

471 579 635 633 Recensio
656 581 680 632 1.
701 588 729 632 et
747 582 794 632 ΙΙ.

69 666 170 732 disse.
220 666 308 751 Rege
323 664 539 730 iherusalem¹
562 675 689 730 mortuo
705 676 736 731 et
750 665 815 730 filio
829 688 929 752 parvo
945 667 1065 749 relicto,
1082 669 1193 754 regina

67 751 175 816 filium
196 749 361 816 (lauradia
385 751 511 814 comitis
534 749 573 814 dc
595 749 832 816 Monte-ferreo
855 751 980 833 duxit²,
1004 753 1058 837 qui
1084 763 1193 838 posset

68 837 157 900 tueri
176 857 323 920 regnum,
345 834 554 920 quoadusque
583 855 665 919 puer
685 832 888 900 adolevisset.
938 835 1056 900 Under
1084 858 1192 902 comcs

5 929 6 932 ’
69 917 325 1005 Tripolitanusss,
337 929 471 1006 patruus
493 921 595 1003 pueri,
611 919 751 1002 graviter
772 927 887 1002 motus,
910 919 996 1004 quod
1019 921 1049 984 ei
1063 922 1192 1005 potissi·

69 1025 163 1067 mum
179 1002 258 1068 haec
274 1023 351 1066 cura
367 1000 477 1067 deberi
491 1002 661 1084 videretur,
678 1025 711 1066 se
726 1001 768 1066 ad
780 1002 904 1066 Turcos
920 1004 986 1067 sive
999 1003 1193 1069 Sarracenos

71 1086 218 1168 contulit,
247 1109 357 1152 eorum
379 1108 475 1171 opem
500 1087 647 1171 quesivit.
693 1086 758 1165 Qui
782 1088 971 1185 congregati
998 1089 1032 1150 in
1053 1086 1193 1153 multitu-

71 1172 149 1238 dine
160 1171 263 1255 gravi,
285 1182 402 1237 terram
417 1169 698 1234 lherosolimorum
713 1171 841 1252 intrant,
858 1173 1005 1235 civitates
1020 1180 1052 1236 et
1067 1171 1194 1237 castella

70 1256 107 1320 in
128 1256 245 1320 virtute
267 1276 327 1318 sua
341 1254 481 1339 capiunt,
503 1252 738 1318 habitatoribus
761 1255 843 1318 cesis
866 1255 899 1317 in
922 1277 976 1319 ore
990 1254 1105 1341 gladii3
1145 1279 1193 1321 rc·

71 1338 152 1404 lium
177 1341 273 1404 etiam
300 1359 374 1402 oum
405 1337 585 1402 christianis
613 1340 823 1419 committunt,
846 1339 880 1402 in
902 1360 976 1423 quc,
997 1361 1056 1425 pro
1085 1279 1191 1405 dolor!

71 1425 137 1509 ipsi
158 1423 296 1488 victores
318 1422 491 1504 existuntr,
514 1423 597 1485 sicut
617 1419 739 1486 litteras
761 1445 866 1508 papae
888 1423 1019 1487 Urbano
1053 1424 1194 1490 directae

71 1517 241 1588 testantur,
265 1528 345 1593 quas
366 1505 442 1569 huic
462 1507 599 1591 paginae
610 1505 754 1570 subicere
769 1529 834 1571 non
849 1507 1034 1591 putavimus
1049 1509 1193 1573 ociosum

74 1592 116 1657 ob
140 1591 294 1656 noticiam
315 1611 439 1654 rerum:

159 1675 375 1741 Sanctissimo
403 1675 500 1758 patri
531 1697 590 1738 suo
626 1674 766 1756 Urbano,
790 1675 856 1738 Dei
876 1677 992 1760 qratia
1021 1698 1142 1741 summo
1165 1687 1194 1741 et

74 1759 263 1826 universali
279 1759 442 1843 pontiflci,
467 1759 628 1842 Tpricus⁰
642 1760 885 1843 pauperrimae
906 1759 1050 1824 miliciae
1069 1761 1141 1824 Tem
1166 1761 1193 1825 li

74 1845 186 1909 dictus
192 1853 367 1930 preceptor
382 1866 454 1908 cum
466 1844 620 1906 universo
657 1844 847 1926 nuperrimo
861 1852 890 1904 et
896 1841 973 1926 fere
988 1785 1192 1909 adnicbilbto

66 1929 224 2014 fratrum
239 1937 397 1992 conventu
412 1924 546 1990 salutem
563 1935 592 1988 et
630 1927 745 1990 ebitum
760 1928 797 1990 in
811 1927 955 1990 Domino
971 1927 1193 1992 obedienciam

75 2035 148 2076 cum
171 2011 356 2078 omnimoda
379 2012 575 2075 reverencia.
615 2008 722 2083 Quotd
737 2013 934 2094 quantisque
950 2009 1193 2077 calamitatibus

74 2098 132 2160 ira
145 2097 215 2176 Dei,
222 2097 369 2180 peccatis
380 2096 503 2158 nostris
514 2094 728 2179 eaiqentibus,
735 2093 883 2178 perculsi
893 2097 1192 2178 inpresentiarum0

76 2203 117 2264 op
144 2181 316 2260 rimamur,
332 2202 389 2243 nec
404 2179 521 2242 litteris
537 2177 709 2262 necflebili
722 2200 806 2259 occe,
821 2201 882 2262 pro
898 2179 1010 2242 dolor!
1025 2179 1192 2264 euplicare

74 2203 230 2328 rulime.
276 2265 375 2327 Tarm
396 2264 482 2326 enim
503 2264 686 2326 inmensam
707 2264 852 2348 qentium
882 2286 1018 2326 suarum
1046 2264 1191 2328 multita-
1242 2267 1249 2282 ⁶

75 2349 187 2412 dinem
216 2356 461 2433 conqreqantes,
489 2347 745 2410 christianorum
769 2347 857 2428 fines
887 2349 1009 2410 acriter
1035 2349 1192 2413 invadere

74 2441 240 2518 ceperunt.
287 2431 410 2497 Contra
431 2452 510 2516 quos
531 2432 676 2516 pentium
692 2440 878 2494 nostrarum
888 2431 1078 2517 pbalanqes
1094 2434 1191 2496 coad-

76 2525 229 2597 unantes,
281 2519 399 2580 eccatis
421 2515 634 2600 eaiqentibus,
661 2513 756 2598 infra
779 2515 942 2578 octauanf
970 2515 1193 2600 apostoloram

5 2605 6 2654 i
74 2601 167 2665 Petri
188 2609 216 2662 et
267 2598 338 2662 auli
359 2601 396 2664 in
419 2621 471 2663 eos
495 2599 652 2684 conqreeli
674 2607 702 2660 et
722 2621 834 2662 versas
859 2599 1071 2681 Tiberiadem,
1095 2617 1253 2687 quamue·
1271 2618 1306 2660 29.

74 2684 234 2749 uiolenter
255 2693 362 2748 castro
384 2705 442 2747 suo
463 2682 573 2746 relicto
596 2691 758 2766 ceperant,
780 2685 843 2747 iter
871 2685 1019 2766 arripere
1040 2707 1191 2770 presum-

70 2771 214 2854 psimas.
264 2767 401 2853 Cumque
423 2769 460 2830 in
482 2766 626 2851 scopulis
646 2767 798 2850 pessimis
820 2789 880 2831 nos
901 2769 1122 2850 indaaissent,
1143 2771 1193 2834 ita

75 2876 137 2918 nos
159 2853 280 2916 acriter
293 2860 578 2937 enpaqnaoerant,
594 2852 690 2935 qaod,
705 2860 823 2914 sancta
838 2873 932 2916 cruce
948 2861 977 2915 et
990 2874 1066 2936 reqe
1081 2863 1192 2918 nostro

76 2961 118 3001 ca
144 2946 185 3018 to,
206 2946 235 2999 et
258 2937 346 2999 omni
367 2945 481 2999 nostra
502 2933 711 2999 multitudine
732 2935 914 3016 interfecta,
929 2937 987 2998 uia
1002 2960 1104 3001 comes
1121 2939 1191 3002 Tri-

71 2960 247 3106 politanae
292 3029 320 3082 et
360 3020 499 3083 domnus
537 3017 741 3082 Reinoldasss
780 3017 949 3104 Sydonias
990 3029 1018 3082 et
1053 3021 1193 3086 domnas

75 3105 248 3168 Balianus
263 3104 301 3167 ele
313 3103 494 3168 miserabili
507 3101 564 3166 illo
580 3125 695 3187 campo
707 3102 843 3166 evadere
851 3112 1038 3186 potuerant.
1061 3105 1192 3170 Deinde

75 3191 116 3253 in
137 3197 324 3254 nostrornm
345 3187 602 3251 christianorum
623 3189 820 3272 sanquinem
847 3196 923 3249 sant
955 3187 1135 3270 debachati,
1165 3199 1194 3252 et

74 3295 191 3338 uersus
213 3273 373 3336 ciuitatem
396 3267 570 3334 riccaronh
593 3294 665 3334 cam
681 3271 771 3334 omni
784 3291 847 3333 sua
861 3271 1068 3334 multitudine
1083 3273 1193 3336 uenire

75 3379 146 3422 aare
162 3355 368 3421 distulerunt.
394 3353 500 3428 Quam
515 3354 669 3428 uiolenter
681 3355 856 3438 capientes,
874 3352 1056 3437 totamfere
1072 3363 1193 3420 terram

74 3443 280 3519 invaserunt,
301 3439 512 3519 Hierusalem,
535 3437 676 3521 nicolai,
703 3441 785 3524 Tyro
807 3447 836 3502 et
856 3440 951 3503 etiam
964 3439 1077 3504 Berito
1100 3440 1194 3505 nobis
1264 3488 1270 3492 -

76 3535 107 3589 et
122 3525 361 3588 christianitati
375 3521 476 3587 solum
490 3521 621 3588 relictis.
667 3523 753 3586 Istas
768 3524 864 3586 etiam
877 3524 1033 3604 civitates,
1046 3525 1193 3588 omnibus

76 3632 193 3674 aarum
204 3607 282 3692 fere
304 3606 541 3671 habitatoribus
562 3609 600 3670 in
622 3605 730 3690 prelio
750 3605 939 3690 interfectis,
960 3609 1028 3672 nisi
1043 3607 1193 3672 divinum

75 3703 106 3758 et
126 3702 266 3758 vestrum
289 3693 370 3755 assit
393 3689 567 3770 caecilium,
597 3689 686 3754 nullo
713 3690 807 3754 modo
839 3691 977 3754 retinere
1031 3694 1193 3756 oterimua.

79 3776 249 3843 Civitatem
270 3778 369 3839 etiam
392 3776 513 3859 Tyrum
533 3776 811 3858 inpresentiarum
834 3775 955 3838 acriter
982 3715 1191 3859 obbidentesk,

76 3861 233 3926 uiolenter
255 3861 308 3924 die
330 3868 359 3923 et
380 3868 470 3922 nocte
492 3879 685 3943 eapuqnare
706 3879 773 3922 non
803 3867 940 3939 cessant,
970 3868 998 3921 et
1025 3867 1120 3922 tanta
1148 3868 1193 3923 est

76 4013 99 4066 a)
117 4014 187 4056 Conr.
204 4013 245 4054 6¹2.
306 4011 471 4066 b)1ndsA2.
532 4011 736 4062 c)TirricusBI;
757 4012 865 4062 Tyrricus
882 4013 922 4052 01.
983 4009 1007 4063 d)
1024 4011 1192 4058 duodena.

76 4074 99 4126 e)
115 4084 176 4125 pres.
195 4073 221 4115 B.
240 4075 261 4114 0.
343 4067 481 4124 OoctB13
499 4075 580 4110 octava
596 4072 636 4112 01.
710 4069 892 4122 &seiunctam
909 4072 952 4112 02.
1043 4068 1067 4120 h)
1084 4069 1193 4111 Acheron

77 4135 123 4183 013
139 4133 263 4174 Accharon
279 4132 321 4172 02.
381 4131 398 4184 t)
415 4131 500 4170 Ascalo
515 4129 566 4172 212.
626 4126 650 4180 k)
667 4129 824 4179 inpugnantes
840 4130 878 4170 dis
895 4141 922 4170 ac
938 4140 961 4170 n.
978 4139 999 4169 v.
1017 4139 1070 4179 exp.
1086 4130 1133 4171 Bl.

78 4268 104 4332 1)
123 4265 265 4318 Balslaina
273 4264 293 4313 I
296 4262 325 4327 V,
344 4261 391 4328 qai
411 4279 437 4314 a.
459 4261 537 4313 1185.
558 4259 631 4312 obiit.
669 4259 724 4312 aea
742 4279 811 4327 quae
830 4269 976 4328 sequantur
996 4277 1014 4311 a
1032 4276 1093 4311 vero
1113 4259 1192 4312 ualde

75 4341 209 4393 recedant.
295 4335 324 4400 2)
344 4333 426 4388 Soror
445 4335 579 4386 Baldaini
589 4334 648 4400 filio
674 4333 802 4386 erbelmi
820 4335 853 4386 de
873 4333 1071 4400 Monte-ferreo
1090 4333 1191 4400 nupsit.

76 4411 105 4480 3)
126 4411 306 4464 Baimandus.
381 4408 411 4474 4)
431 4427 456 4462 a.
479 4408 557 4458 1187.
636 4465 639 4470 1
