2924 5006
121 377 307 433 CHRONICA
325 378 437 432 susm
459 376 712 430 COLONIENSIS.
733 375 837 429 CONT.
851 374 888 428 11.
908 375 941 430 A.
956 375 1036 428 laos.
1089 376 1141 427 177

32 546 137 612 diebus
158 556 383 630 commoratus,
404 546 503 610 nimia
523 545 704 633 pluviarum
726 544 942 628 inundatione,
971 556 1141 611 ventorum

32 631 159 713 turbine,
180 631 335 717 frigorum
361 631 531 716 asperitate
558 631 632 717 equi
659 628 907 695 innumerabiles
932 629 1140 718 nonnullique

32 715 165 781 homines
193 715 376 780 huiusmodi
404 715 487 779 aeris
513 713 717 800 inequalitate
738 715 910 800 perierunt.
958 712 1029 778 Illic
1050 714 1140 780 ducis

34 799 204 882 Brabantic,
227 801 283 888 qui
303 822 338 865 se
358 797 412 864 illo
434 809 603 866 venturum
630 821 645 863 s
671 798 856 884 oponderat,
883 798 1141 883 prestolabantur

34 883 206 952 adventum.
283 884 456 949 Heinrieus
486 905 594 948 comes
659 905 677 948 e
707 881 812 959 Scine,
843 881 1016 948 admodum
1073 907 1140 962 uer,

35 967 153 1032 consilio
176 979 273 1056 atque
295 978 475 1033 commeatu
496 968 620 1033 comitis
643 966 682 1031 de
702 967 840 1052 Lininge
861 977 893 1032 et
914 966 954 1032 de
967 966 1033 1054 Spa
1078 970 1140 1033 eim

35 1053 108 1150 regis
129 1053 292 1152 presentie
320 1052 560 1134 coramsistitur,
590 1073 649 1138 pro
675 1052 778 1138 gratia
804 1060 836 1117 et
857 1050 989 1116 consilio
1018 1051 1059 1118 de
1080 1052 1141 1118 sibi

36 1137 157 1204 obrectrs
185 1139 416 1203 satisfacturus.
460 1136 525 1201 Sed
554 1157 685 1200 causam
714 1157 805 1200 suam
830 1136 872 1200 ad
902 1136 1049 1201 effectum
1071 1159 1140 1223 per-

37 1220 139 1286 ducere
160 1244 229 1286 non
249 1221 369 1302 valens,
396 1243 455 1285 rex
485 1221 562 1306 quia
589 1221 650 1286 sibi
678 1221 780 1305 magis
806 1241 844 1284 ac
872 1221 976 1306 magis
1002 1221 1140 1286 offensus

37 1303 122 1387 fieret,
143 1305 255 1372 habito
278 1304 420 1388 consilio,
442 1328 462 1370 a
481 1304 633 1391 predictis
655 1304 825 1369 comitibus
846 1326 911 1368 non
933 1306 1001 1369 sine
1022 1327 1140 1392 magno

37 1390 134 1454 timore
156 1411 289 1455 suorum
310 1389 352 1454 ad
373 1389 499 1454 Renum
521 1411 623 1475 usque
645 1388 827 1471 daducium,
850 1410 913 1475 quo
943 1391 1085 1472 transito,
1106 1394 1141 1455 in

36 1481 138 1538 terram
159 1496 252 1539 suam
273 1474 452 1540 revertitur.
494 1473 575 1537 Dux
595 1473 820 1555 Brabantinus,
843 1472 974 1538 collecto
993 1474 1028 1537 in
1041 1496 1139 1540 unum

36 1577 90 1620 non
114 1559 242 1625 modico
271 1559 424 1641 exercitu,
453 1556 496 1623 ad
529 1579 637 1642 regern
669 1580 770 1643 usque
801 1556 1005 1656 protendens,
1039 1581 1141 1646 prope

37 1639 220 1729 silvamque
245 1643 333 1707 Vrle
355 1641 472 1708 dieitur
493 1653 598 1708 castra
620 1641 659 1706 de
684 1642 777 1723 osuit,
798 1663 933 1727 1pseque
955 1642 1022 1727 regi
1054 1642 1141 1708 locu-

37 1733 113 1790 turus
133 1747 206 1792 oum
228 1729 342 1813 paucis
363 1725 445 1791 ultra
465 1727 630 1826 processit.
697 1749 738 1791 ex
760 1733 793 1790 et
813 1725 982 1811 optimates
997 1727 1057 1808 sui,
1072 1729 1140 1792 viso

13 1807 116 1894 ,duca
135 1809 243 1877 leticia
263 1834 317 1876 ma
362 1812 545 1894 aexertati,
566 1811 686 1894 gratias
723 1811 884 1874 inmensas
907 1809 968 1875 sibi
989 1810 1140 1894 referunt,

13 1893 129 1976 ssipsum
156 1898 226 1982 regi
254 1896 318 1962 fide
331 1919 391 1978 em,
418 1896 523 1980 ipsum
552 1896 643 1981 regni
664 1903 802 1959 tutorem
823 1903 1018 1960 attestantes.
1067 1896 1141 1961 Dis-

12 1971 128 2062 lsemio
162 1981 247 2045 inter
280 2002 314 2045 re
338 2003 388 2045 em
423 1989 456 2045 et
492 1979 608 2044 ducem
643 1977 834 2078 quibusdam
870 1978 1140 2045 intercedentibus

12 2077 13 2114 t
39 2064 128 2127 causis
157 2074 227 2129 orta
253 2067 286 2128 in
313 2004 405 2131 brevi
433 2062 514 2129 adeo
542 2063 686 2144 invaluit,
715 2072 751 2127 ut
776 2062 845 2147 ipsc
867 2061 935 2126 dux
964 2085 1060 2148 super
1081 2063 1142 2129 boc

12 2115 14 2226 l
39 2145 123 2209 nimia
150 2149 366 2214 commotione
392 2157 482 2213 actus
512 2147 615 2212 redire
644 2147 838 2233 disponeret,
868 2147 950 2210 unde
978 2156 1044 2211 tam
1072 2149 1141 2234 regi

12 2231 14 2264 r
40 2249 121 2312 quam
141 2233 206 2298 suis
227 2235 405 2297 maximnm
426 2233 561 2298 incussit
580 2233 735 2296 timorem.
788 2231 917 2295 Veritus
943 2253 1011 2312 rex,
1038 2254 1079 2297 ne
1106 2255 1140 2298 se

12 2381 13 2386 ,
39 2311 132 2379 relicto
158 2317 200 2382 ad
231 2317 455 2383 detrimentum
486 2318 535 2381 sui
558 2314 713 2381 Colonie⁸
745 2314 1009 2398 confederaretur,
1031 2315 1140 2382 habito

11 2433 13 2504 Ι
40 2397 162 2484 consilio,
184 2404 375 2467 necessitate
404 2402 505 2486 magis
534 2422 631 2486 quam
659 2397 830 2482 voluntate,
858 2398 899 2462 ad
928 2398 1140 2486 mitigandum

11 2505 12 2510 ¹
40 2477 116 2546 ducis
140 2487 284 2551 animum
311 2496 343 2551 et
374 2485 415 2551 ad
444 2485 705 2550 sustentationem
733 2484 893 2549 exercitus
925 2485 988 2549 500
1017 2505 1140 2550 marcas

41 2567 113 2630 omni
133 2571 310 2670 septimana
331 2568 394 2634 sibi
414 2569 484 2634 dari
505 2568 680 2634 constituit.
722 2568 873 2633 Posthac
887 2571 1050 2634 communi
1069 2590 1140 2633 con-

41 2647 97 2714 silio
107 2674 239 2740 parique
250 2654 413 2719 voluntate
430 2663 533 2719 castra
543 2662 716 2736 moventes,
729 2651 894 2719 Ooloniam
906 2651 1139 2738 applicuerunt,

11 2805 13 2832 ,
41 2731 86 2797 nbi
111 2758 198 2803 secus
229 2739 342 2805 silvam
369 2761 432 2825 que
460 2735 603 2802 Hisbolz
631 2738 747 2802 dicitnr
774 2737 906 2821 figentes
935 2737 1141 2803 tabernacula

11 2833 13 2946 ἱ
40 2819 239 2888 resederuntb.
281 2823 332 2888 lbi
354 2845 413 2888 rex
433 2821 521 2889 nulla
543 2822 724 2887 certaminis
747 2821 971 2906 congressione
985 2844 1061 2886 usus
1083 2832 1138 2887 est

11 2949 13 2988 ,
42 2899 172 2996 §ludam
193 2929 271 2973 vero
293 2908 345 2973 die
366 2908 433 2972 dux
454 2906 629 2988 Austrasie,
652 2904 720 2970 dux
740 2906 896 2988 Baioarie,
917 2928 993 2991 rege
1023 2907 1141 2992 quieto,

11 2993 12 3016 ¹
41 2986 90 3068 1psi
110 3011 180 3054 curn
202 2993 269 3057 suis
291 2992 331 3058 ad
352 3014 481 3056 murum
503 2991 701 3072 accedentes,
723 2988 928 3055 interioribus
943 3011 1053 3054 secum
1068 3012 1141 3056 con-

11 3087 13 3160 ,
42 3069 189 3152 gradiendi
214 3078 341 3164 copiam
368 3078 479 3142 martis
509 3074 700 3142 obtulerunt.
756 3074 833 3141 Otto
861 3095 929 3157 rex,
957 3072 1140 3140 Walravius

43 3160 143 3242 etqui
174 3182 247 3225 cum
279 3162 358 3247 ipsis
393 3171 484 3226 erant
516 3169 668 3224 consueta
699 3158 961 3243 magnanimitate
993 3182 1010 3223 e
1039 3159 1140 3244 portis

43 3255 225 3328 erumpentes
258 3244 422 3331 ferociqne
454 3245 576 3331 impetu
604 3246 638 3308 in
665 3243 772 3308 hostes
799 3240 981 3323 insilientes,
1017 3240 1142 3307 fortiter

43 3339 104 3387 cum
123 3329 166 3394 eis
188 3331 341 3395 dimicare
363 3341 525 3416 oeperunt,
541 3328 784 3414 alternatimque
799 3335 1028 3408 concertantes,
1044 3324 1140 3411 pluri-

43 3424 116 3472 mum
136 3413 197 3481 diei
220 3436 351 3480 consum
377 3424 495 3496 serunt,
518 3412 621 3478 donec
642 3411 780 3493 tandem,
803 3409 921 3476 Ottone
945 3431 1030 3494 rege,
1054 3409 1141 3476 Wal-

44 3492 117 3556 ravio
137 3500 308 3586 multisque
330 3435 401 3564 aliis
415 3498 490 3562 binc
505 3497 625 3563 atinde
640 3497 780 3582 graviter
798 3494 979 3576 vuhreratis,
994 3493 1140 3580 pluribus

45 3590 75 3634 ⁰³
93 3577 128 3641 tis
153 3592 184 3648 et
212 3584 339 3664 occisis,
369 3584 488 3672 quique
514 3582 556 3646 ad
590 3603 649 3646 sua
677 3600 742 3644 non
776 3580 844 3644 sine
875 3577 1014 3664 dampno
1049 3579 1141 3663 gravi

92 3661 195 3750 'erunt
227 3667 326 3734 multo
358 3677 465 3732 tamen
494 3665 602 3753 plures
624 3665 664 3732 de
686 3662 899 3729 exterioribus
927 3662 1140 3728 ceciderunt¹.

47 3736 149 3827 Capitis
176 3763 223 3818 est
248 3753 294 3818 ibi
315 3751 531 3818 Theodericus
566 3750 747 3837 prepositus
777 3748 888 3813 Sancti
917 3746 1074 3812 Gereonis
1110 3757 1143 3813 ct

46 3823 216 3920 blacharius,
237 3835 320 3901 filius
343 3837 433 3903 ducis
456 3836 496 3901 de
516 3835 683 3919 Limburg.
716 3833 782 3914 Qui
797 3853 868 3898 cum
882 3831 952 3916 regi
965 3832 1140 3917 presentati

47 3910 168 4002 fuissent,
192 3920 426 3988 Theodericum
448 3921 645 4008 prepositum
675 3916 819 3982 custodie
841 3916 1047 4003 mancipavit,
1074 3916 1142 3981 Ma·

47 3995 168 4067 ebarium
197 4027 272 4072 vero
299 4004 449 4072 decollari
480 4004 654 4086 mandavit,
684 4003 740 4068 sed
770 4008 900 4088 propter
921 3999 1037 4064 ducem
1063 3999 1142 4065 Bra·

48 4192 65 4245 ⁸)
79 4197 120 4241 Ool'
133 4203 176 4247 At.
234 4201 258 4259 b)
275 4218 320 4250 res.
338 4227 364 4237 -
381 4207 514 4249 conaminis
528 4206 552 4246 ia
568 4217 636 4255 mora.
652 4204 724 4255 nrppl.
742 4203 788 4244 ΑΞ·

50 4361 72 4428 1l
89 4368 122 4435 Cl‘.
141 4373 361 4448 (lbrormbytbm.
380 4377 495 4430 Brunca.
512 4395 542 4443 p.
563 4377 624 4429 535.
653 4369 656 4374 ’

870 4459 910 4523 12
