2942 4998
294 403 390 455 XVIII
569 403 757 456 cunamen
777 403 890 455 anam
910 402 1158 456 COLONIIINSIS.

295 573 403 638 codice
424 573 488 636 Bl
519 576 651 637 seruata
679 581 765 651 sunt,
795 595 817 636 o
844 570 1031 657 bibliopeqa
1059 569 1220 636 volumini
1248 573 1420 656 compapi·

295 659 411 722 nando
441 656 602 738 adhibita,
623 657 698 724 ideo
714 655 836 741 procul
858 655 956 720 dubio
978 665 1146 740 tamquam
1167 654 1293 720 nullius
1312 655 1420 738 pretii

297 743 432 806 abiecta.
477 742 569 806 Haec
596 741 635 805 id
658 741 857 826 praesertim
885 739 1005 803 habent
1028 738 1208 824 peculiare,
1239 739 1327 824 quod
1349 739 1419 824 epi·
1453 745 1457 752 '

296 827 395 892 stolae
417 827 457 891 de
479 824 685 910 capeditione
710 821 1079 909 Constantinopolitano
1102 847 1133 887 a.
1157 823 1249 888 1204.-
1272 827 1419 908 scriptae
1463 835 1465 845 ’

295 915 453 996 epitomen
475 919 601 974 tantum
629 908 789 992 erchibent,
813 917 989 993 praeterea
1015 909 1179 993 quaedam
1208 909 1276 972 alio
1298 908 1419 972 ordine
1463 859 1467 970 l

295 997 488 1082 disponunt.
545 993 689 1059 Ceterum
721 1016 794 1057 cum
827 993 993 1057 codicibus
1022 991 1078 1058 01
1110 1001 1139 1056 et
1159 993 1192 1071 2v
1208 994 1419 1072 conueniunt,
1463 1001 1467 1098 q

316 1103 399 1146 uare
422 1080 500 1144 hoec
530 1100 656 1163 quoque
669 1075 763 1162 folia
784 1075 894 1140 littera
918 1076 1067 1142 Oinsori
1092 1078 1132 1140 si.
1175 1076 1311 1142 Illorum
1339 1097 1418 1140 uero

295 1104 462 1230 lectionem
483 1166 581 1228 etiam
609 1163 662 1225 hic
684 1161 792 1225 codici
812 1161 845 1224 Β
872 1183 939 1226 esse
962 1099 1233 1246 prostremam,
1267 1170 1334 1224 tum
1363 1160 1417 1225 his

285 1249 502 1335 fraqmentis,
531 1255 598 1310 tum
619 1246 736 1310 litteris
757 1249 855 1310 etiam
877 1245 959 1309 alibi
979 1247 1150 1326 seruatis1,
1178 1255 1246 1308 tum
1273 1246 1418 1330 denique

295 1337 373 1420 ipsa
395 1332 603 1396 narrationis
625 1329 735 1394 indole
745 1329 911 1413 probatur
919 1340 941 1392 ².
964 1329 1041 1393 Ideo
1057 1351 1098 1393 erc
1112 1330 1144 1392 B
1159 1352 1212 1394 eos
1235 1330 1418 1414 descriptos

295 1439 373 1497 esse,
389 1437 568 1502 perperam
588 1413 684 1478 multi
705 1421 900 1477 statuerunt.
946 1412 1042 1488 Quod
1064 1435 1139 1477 vero
1155 1414 1318 1500 quaedum
1340 1413 1422 1479 inO

296 1509 437 1582 enatant,
466 1521 551 1586 quae
566 1507 646 1585 post
674 1499 823 1644 marpini
851 1499 973 1562 codicis
995 1496 1060 1560 Β1
1087 1496 1184 1561 illota
1205 1506 1291 1579 sunt,
1320 1498 1359 1562 id
1380 1520 1417 1562 eo

288 1585 421 1671 fuctum
444 1606 510 1648 esse
526 1592 620 1668 puto,
644 1583 732 1666 quod
770 1605 826 1646 aec
841 1604 966 1666 quoqne
980 1580 1060 1646 libri
1068 1604 1156 1666 pars
1176 1585 1303 1646 iteratis
1325 1585 1417 1647 curis

297 1678 469 1748 euarutu³,
497 1677 575 1752 post
596 1689 672 1732 uero
698 1689 739 1730 en
767 1667 913 1732 uberiori
946 1665 1128 1750 enemplori
1159 1667 1202 1729 sit
1233 1667 1418 1730 emendata,

300 1753 446 1822 Ceterum
468 1774 508 1816 ne
536 1752 615 1817 haec
663 1753 774 1816 uidem
805 1752 1012 1816 continuatio
1035 1772 1101 1834 per
1128 1749 1279 1836 sinqulos
1308 1773 1417 1815 annos

297 1837 445 1924 confecta
476 1844 553 1900 esth
646 1834 709 1899 ihil
740 1857 815 1899 nero
852 1835 963 1915 obstat,
1000 1835 1081 1919 quin
1111 1837 1258 1920 priorem
1288 1844 1418 1919 purtem

297 1927 348 2005 (a.
380 1921 462 1986 1200
489 1923 575 2006 sqq.)
604 1919 707 1984 eidem
736 1921 866 1984 auctori
898 1919 1100 2001 tribuamus,
1133 1921 1192 2003 qui
1217 1921 1348 2003 primus
1378 1921 1416 1983 in

297 2005 333 2071 8.
362 2005 576 2069 Pantaleonis
612 2005 808 2067 monasterio
844 2025 963 2066 nonum
999 2003 1175 2068 chronicon
1212 2002 1419 2068 condrucium

296 2091 440 2172 suscepit
447 2110 459 2169 ,·
494 2110 571 2151 nam
602 2087 689 2170 quod
718 2087 770 2150 hic
793 2086 942 2150 acerbius
964 2087 1004 2150 de
1021 2085 1144 2169 Adolfo
1167 2089 1418 2172 archiepiscopo

296 2173 482 2236 iudicatum
496 2170 653 2256 leqimus⁵
676 2192 775 2254 quam
790 2172 827 2234 in
840 2172 1087 2235 continuatione
1129 2173 1226 2254 rima,
1250 2195 1322 2235 cum
1337 2172 1419 2236 haec

291 2265 423 2320 tantum
438 2255 658 2339 descripserit,
682 2252 742 2318 illa
756 2256 827 2338 ipse
842 2276 882 2318 en
898 2258 1009 2320 animo
1024 2277 1083 2319 suo
1100 2193 1231 2319 lbcutus
1246 2259 1297 2337 sit,
1321 2254 1419 2340 offen-

297 2340 373 2406 dere
396 2340 516 2425 nequit.
563 2337 661 2404 Circa
685 2362 716 2401 a.
738 2361 813 2402 nero
837 2337 929 2401 1217.
958 2339 1007 2403 uel
1031 2338 1123 2404 1218.
1146 2338 1182 2403 S.
1204 2339 1419 2404 Pantaleonis

297 2424 492 2488 monachum
512 2422 633 2486 librum
654 2421 838 2505 confecisse,
858 2423 1027 2506 probabile
1042 2433 1097 2487 est.
1140 2422 1202 2488 Illo
1218 2426 1304 2488 enim
1327 2446 1418 2488 anuo

301 2507 347 2574 Ol
367 2508 405 2572 de
428 2507 634 2593 expeditione
655 2507 895 2590 cruciferorum
910 2506 1068 2572 brevioris
1091 2511 1299 2572 narrationis
1311 2509 1417 2608 frop-

298 2601 438 2656 mentum
460 2592 604 2655 servavit
625 2600 654 2654 et
674 2612 750 2655 mon
765 2589 927 2676 quaedum
948 2593 1017 2656 iam
1039 2600 1114 2655 ante
1129 2591 1234 2656 relato
1248 2593 1417 2676 repetiuit,·

297 2677 336 2740 id
365 2677 452 2762 quod
478 2697 518 2740 en
547 2675 693 2739 duarum
724 2677 950 2740 recensionum
983 2678 1211 2740 coniunctione
1237 2697 1418 2761 perperam

289 2759 391 2844 facto
414 2769 520 2824 ortum
542 2760 681 2823 uidetur.
729 2758 821 2832 Quae
848 2761 950 2824 annis
982 2760 1200 2825 1217-1219.
1229 2769 1419 2824 narrantur

300 2923 329 2990 1)
357 2921 422 2974 &em
453 2923 602 2974 litterarum
633 2923 666 2973 cle
692 2919 917 2987 Constantinopoli
949 2931 1103 2990 cupuqnata
1137 2924 1285 2990 compluria
1316 2931 1418 2974 enatent

299 2994 471 3063 euemplaria,
497 2997 570 3047 hreno
596 2993 715 3047 codicum
735 2994 757 3045 O
774 2995 835 3046 aliis
861 2995 957 3061 ubique
969 2998 1033 3062 fere
1058 2997 1236 3062 confirmatur.
1274 2997 1310 3048 In
1330 2998 1418 3048 altera
1464 3056 1465 3059 Ἴ

298 3069 451 3122 Baldemini
469 3067 636 3135 imperatoria
655 3069 681 3119 B
697 3067 775 3119 etiam
801 3066 943 3135 lonqiorem
962 3070 1049 3121 omisit
1066 3071 1158 3122 locum.
1234 3070 1263 3138 2)
1284 3088 1310 3121 a.
1333 3070 1416 3123 1201.

300 3142 447 3196 Chabent:
476 3144 511 3193 ad
537 3141 743 3209 expugnandam
767 3142 1027 3209 Constantinopolim
1055 3159 1115 3195 sum
1144 3160 1175 3194 eo
1194 3143 1417 3210 proficiscuntur3

299 3217 339 3268 B:
365 3219 400 3269 ad
419 3217 588 3269 subdendam
614 3214 770 3268 orientalem
796 3216 941 3268 eeclesiam
959 3218 1099 3268 Romanae
1119 3233 1180 3268 eum
1200 3233 1231 3268 eo
1252 3219 1419 3284 diriguutnr;

300 3309 326 3342 a.
349 3291 429 3344 1211.
455 3290 484 3341 iu
502 3289 537 3340 Β.
564 3290 596 3341 de
615 3289 718 3355 Sifrido
744 3288 939 3356 archiepiscopo
959 3290 1083 3341 additur:
1116 3296 1143 3341 et
1171 3291 1278 3356 legatus
1304 3308 1321 3340 a
1346 3309 1420 3360 papa

300 3367 468 3430 constitutus,
501 3364 571 3428 quod
602 3371 665 3414 tunc
692 3363 811 3414 nondum
837 3371 910 3426 erat,·
939 3382 965 3416 a.
994 3365 1075 3414 1212.
1100 3362 1170 3414 idem
1195 3364 1228 3415 de
1258 3365 1419 3418 Theoderico

300 3437 495 3504 archiepiscopo
523 3435 670 3488 &cluniensi
699 3436 817 3501 deposito
849 3437 926 3488 dicit:
952 3439 1066 3488 Romam
1091 3439 1269 3504 progreditur,
1297 3439 1345 3489 ubi
1371 3455 1421 3506 per

299 3512 409 3577 longum
441 3518 546 3576 tempus
577 3511 738 3562 demoratur.
849 3509 879 3576 8)
905 3509 950 3560 Ita
972 3511 1005 3561 de
1030 3509 1203 3576 quaternione
1229 3529 1257 3562 eo
1281 3513 1421 3565 statuerim

299 3585 346 3650 qui
369 3583 425 3634 iam
445 3601 477 3649 p.
497 3584 652 3634 337--362,
677 3583 798 3644 continet,
823 3583 943 3647 fortasse
967 3585 1046 3634 etiam
1066 3585 1242 3649 praecedente
1269 3587 1307 3650 (p.
1328 3587 1421 3634 321-

300 3659 378 3721 336).
417 3656 452 3707 In
470 3656 525 3718 illo,
551 3655 597 3720 qui
622 3655 651 3705 in
675 3655 759 3707 medio
788 3673 813 3707 a.
841 3656 921 3708 1203.
945 3657 1039 3722 incipit
1065 3666 1089 3708 et
1114 3674 1197 3722 usque
1223 3659 1259 3708 ad
1284 3675 1312 3710 u.
1338 3661 1420 3712 1216.

300 3729 438 3782 historiam
468 3728 589 3792 deducit,
628 3729 707 3780 etiam
742 3727 824 3778 aliam
854 3747 964 3780 manum
995 3731 1191 3796 deprehendere
1222 3731 1287 3784 mihi
1317 3733 1419 3786 uideor.

299 3802 364 3856 Atta
382 3819 466 3853 manu
490 3819 551 3855 uero
574 3819 627 3852 non
651 3818 753 3866 semper
777 3802 860 3852 alium
886 3813 1017 3854 auctorem
1036 3802 1162 3868 indicari,
1187 3807 1358 3873 manifmtum
1383 3818 1421 3862 est

296 3896 327 3944 p.
354 3876 416 3938 360,
448 3875 495 3926 ubi
523 3876 551 3926 in
576 3877 704 3940 concerptis
728 3891 760 3926 en
789 3873 888 3926 Otioeri
913 3877 1024 3942 epistola
1048 3895 1131 3928 manu
1158 3887 1263 3929 mutata
1287 3883 1328 3932 rel
1352 3891 1420 3936 certe

301 3957 448 4002 atramento
473 3950 577 4001 diuerso
591 3948 724 4016 perpitur.
818 3948 847 4013 t)
872 3967 902 4020 a.⁴
923 3950 993 4001 1207
1019 3951 1080 4018 (per
1104 3952 1263 4019 biennium),
1290 3970 1315 4004 a.
1338 3957 1420 4008 1208.

300 4021 423 4089 temporis
452 4031 515 4089 post
542 4021 698 4088 Philippum
731 4038 818 4090 reqem
846 4023 972 4084 occisum,
1001 4042 1027 4076 a.
1057 4025 1127 4074 1208
1158 4027 1307 4087 (transacto
1334 4029 1420 4097 auno)

299 4098 367 4148 anm
387 4098 467 4148 1209.
486 4096 581 4148 mentio
593 4098 644 4162 flt,·
668 4112 709 4147 rea
729 4094 883 4162 Albipenses
903 4114 928 4146 a.
952 4097 1031 4150 1210.
1059 4099 1098 4149 ita
1117 4109 1276 4164 narrantur,
1301 4107 1331 4150 ut
1350 4120 1420 4168 quac

300 4173 347 4224 hoc
367 4187 437 4222 anno
456 4179 481 4222 et
500 4187 569 4221 anno
586 4171 665 4222 1211.
684 4175 759 4236 qesta
777 4177 839 4220 amat
858 4171 1075 4236 confundantm5
1094 4189 1119 4224 a.
1136 4173 1218 4227 1216.
1235 4191 1278 4226 res
1290 4172 1421 4243 Anplieue

300 4244 379 4296 etiam
403 4243 475 4310 anni¹
495 4244 574 4295 1217.
601 4244 756 4295 traduntur.
793 4241 857 4294 Alia
882 4261 951 4310 quae
971 4243 1111 4296 Lehmann
1129 4263 1160 4310 p.
1182 4248 1215 4295 62
1235 4265 1262 4302 n.
1289 4250 1367 4314 affert
1390 4251 1420 4302 in

299 4317 449 4371 recensione
468 4318 566 4370 codicis
579 4317 605 4368 B
615 4326 708 4383 postea
729 4315 833 4369 adiecto
852 4326 929 4380 sunt,·
947 4336 975 4369 o.
987 4335 1014 4367 n.
1031 4319 1056 4371 3.
1132 4319 1161 4386 t)
1181 4337 1208 4372 a.
1230 4321 1309 4372 1204.
1332 4325 1420 4390 1205;

297 4393 335 4459 cf.
350 4392 490 4444 Lehmann
504 4409 534 4457 p.
555 4393 597 4447 60,
