2934 4998
102 395 291 449 CHRONIOA
305 394 418 447 REGIA
434 395 687 448 COLONIENSIS.
708 395 811 448 CONT.
821 397 854 448 V.
874 396 905 448 A.
919 396 1090 450 12401241,
1129 397 1183 448 279

61 561 390 627 Helverstadensis¹⁸¹¹
412 571 444 627 et
465 562 608 628 marchio
638 563 678 628 de
699 564 858 628 Missene²
887 563 1043 628 invadunt
1064 572 1183 630 terram

60 645 259 712 marchionis
293 647 332 710 de
360 645 653 732 Brandenburgbs,
687 647 903 733 depredantur
935 658 966 713 et
997 646 1183 716 incendunt.

61 730 210 795 Marchio
224 751 301 795 vero
313 730 644 817 Brandenburgensis,
666 732 811 798 hostibus
832 731 973 818 fatigatis
995 741 1027 797 et
1047 733 1185 798 tentoria

62 815 250 902 figentibus,
282 815 369 879 circa
394 837 545 900 vesperas
572 837 605 879 re
630 817 737 880 entino
765 817 895 880 incursu
923 815 1151 903 superveniens
1161 827 1184 898 ⁰,

61 908 181 984 septua
204 899 291 962 intad
305 897 420 963 milites
437 899 582 986 episcopi
627 900 880 986 agdeburgensis
894 899 1048 980 vrdnerat,
1063 901 1185 984 episco-

61 1005 146 1069 pum
201 982 493 1048 alverstadensem¹
515 1004 553 1047 ca
577 985 603 1047 it
624 993 656 1047 et
678 1006 788 1048 omnes
811 982 890 1048 alios
912 985 1015 1049 victos
1035 985 1135 1068 fugat.

443 1067 538 1131 Anno
595 1068 694 1131 omini
717 1069 808 1132 1241.

152 1151 332 1236 Imperator
362 1149 419 1214 diu
451 1149 636 1216 obsessam0
670 1152 859 1216 Faventiam
891 1161 965 1237 post
997 1151 1120 1250 pascha
1149 1150 1183 1213 in
1194 1165 1248 1218 Am.
1258 1167 1295 1211 u.

62 1232 265 1300 deditionem
286 1235 414 1320 accipit,
442 1234 550 1299 multis
575 1235 713 1322 receptis
736 1257 810 1298 cum
831 1235 892 1300 eof
912 1245 1034 1301 castris.
1078 1236 1184 1321 Impe-

62 1329 156 1384 rator
177 1319 274 1384 etiam
296 1328 437 1383 castrum
459 1328 491 1383 et
512 1318 683 1404 pallacium
711 1320 745 1382 in
772 1321 844 1405 ipsa
873 1320 1003 1385 civitate
1030 1319 1186 1384 construit
1214 1397 1216 1402 Ι

63 1414 101 1468 et
121 1401 295 1468 nobiliores
318 1424 427 1468 omnes
441 1403 574 1488 populiss
588 1404 757 1468 Faventini
773 1403 815 1467 ad
830 1405 1013 1468 convivium
1028 1412 1187 1468 convocat

64 1497 100 1553 et
123 1509 232 1552 omnes
254 1485 419 1572 splendide
440 1508 628 1572 procurans,
651 1489 734 1552 inter
756 1510 790 1552 se
811 1487 1005 1552 reconciliat.

154 1571 250 1636 Circa
263 1570 349 1634 idem
364 1580 491 1656 tempus
506 1572 711 1636 Prenestinus
727 1572 896 1657 episcopus
910 1570 1035 1657 legatus
1049 1569 1153 1636 Gallie
1162 1581 1186 1648 ⁴,

66 1655 148 1720 Otto
185 1653 355 1718 cardinalis
390 1653 515 1740 legatus
550 1654 677 1741 Anglie,
711 1655 888 1740 Gregorius
912 1655 1065 1720 'numnius
1098 1655 1186 1719 curie

65 1739 213 1804 Romane
235 1738 361 1823 legatus
389 1738 615 1823 Longobardie
640 1738 726 1825 apud
752 1739 887 1803 Ianuam
909 1740 1072 1804 civitatem
1093 1736 1187 1803 Italie

67 1823 307 1904 convenientes,
328 1823 439 1887 itinere
461 1821 568 1888 navali
590 1845 664 1887 cum
686 1823 795 1887 multis
810 1823 880 1887 aliis
896 1823 1067 1908 episcopia,
1089 1821 1188 1888 abba·

66 1906 158 1971 tibus
180 1904 284 1972 Gallie
306 1915 339 1970 et
361 1904 479 1992 Anglie
500 1917 532 1972 et
553 1907 661 1972 multis
688 1908 814 1971 nunciis
865 1906 1036 1972 relatorum
1057 1915 1123 1970 tam
1146 1904 1187 1970 de

67 1990 274 2056 '1¹euthonial
297 2012 392 2077 quam
422 1990 462 2055 de
489 1990 559 2055 aliis
581 1993 683 2072 terris,
711 1992 772 2056 25⁵
794 1929 917 2076 galeasi
942 1999 1081 2055 armatas
1111 2011 1187 2056 cum

67 2097 188 2160 magno
211 2075 365 2139 comitatu
385 2075 592 2139 Ianuensium
625 2076 745 2139 civium
772 2076 918 2160 ingressi,
940 2075 1075 2138 Romam
1096 2073 1187 2139 adire

67 2159 270 2241 intenduntl,
303 2167 339 2222 ut
367 2157 433 2222 illic
458 2160 492 2222 in
520 2158 672 2242 concilio,
695 2182 715 2223 a
736 2182 778 2245 pa
803 2182 832 2242 a,
864 2168 900 2223 ut
931 2159 1187 2244 presumebatur,

67 2242 191 2308 indicto
214 2244 254 2309 de
275 2241 463 2308 liberatione
485 2244 573 2308 curie
595 2244 739 2309 Romane
766 2181 806 2308 ab
828 2244 953 2306 iniuriis
981 2241 1021 2306 ab
1050 2243 1188 2329 impera·

68 2339 140 2392 tore
162 2327 257 2391 illatis
280 2335 311 2392 et
332 2326 374 2391 ad
389 2328 496 2413 ipsum
511 2328 736 2413 imperatorem
751 2327 1000 2412 reprobandum,
1016 2335 1187 2392 tractatum

68 2412 225 2477 haberent
245 2410 419 2476 efficacem.
464 2411 529 2492 Qui
549 2413 583 2475 in
612 2411 745 2475 insidias
773 2412 962 2475 Pisanorum
993 2418 1025 2475 et
1052 2410 1189 2476 Henrici

68 2498 157 2582 regis
187 2494 343 2577 Sardinie,
375 2493 530 2560 naturalis
559 2495 617 2559 filii
644 2497 689 2559 im
715 2496 858 2576 eratoris,
890 2494 1077 2577 incidentes,
1110 2494 1189 2559 victi
1275 2527 1279 2534 ·

69 2589 164 2662 sunt,
200 2579 302 2645 tribus
340 2577 457 2664 galeis¹
490 2580 618 2677 penitus
656 2518 831 2644 submersis
864 2590 896 2644 et
927 2580 968 2642 22
1009 2578 1187 2664 captivatis.

69 2665 138 2729 Ubi
161 2673 224 2728 tres
245 2661 381 2749 predicti
402 2661 499 2748 legatr
528 2672 560 2728 et
587 2672 722 2749 quatuor
750 2661 837 2727 milia
858 2662 1064 2728 Ianuensium
1094 2669 1190 2748 capta
1234 2680 1238 2690 ’

68 2755 155 2829 sunt,
187 2747 334 2833 exceptis
362 2745 434 2810 aliis
461 2745 570 2811 multis
598 2745 770 2813 abbatibus
797 2755 829 2810 et
856 2746 1014 2831 religiosis
1042 2748 1189 2832 personis

68 2843 102 2897 et
123 2832 248 2895 nunciis
270 2841 455 2917 magnatum
478 2839 571 2912 terre,
600 2852 673 2895 cum
703 2831 821 2918 quibus
849 2833 987 2916 pecunia
1008 2831 1190 2894 innumera·

69 2915 143 2982 bilis
165 2925 214 2980 est
239 2915 377 2982 inventa.
422 2914 527 3000 Super
553 2917 755 3001 imperatoris
782 2914 921 2994 fortuna,
955 2936 1017 2999 que
1047 2936 1089 2977 ex
1116 2935 1190 2998 per-

67 3000 224 3063 missione
239 2999 303 3063 Dei
324 2999 468 3098 contigit,
491 3001 582 3063 cuius
596 3021 655 3064 nos
677 2998 777 3064 latent
796 2998 924 3079 iudicia,
947 2996 1083 3084 epistola
1107 2996 1189 3084 [abm

67 3083 275 3183 imperatore]
318 3081 564 3147 Coloniensibus
601 3093 650 3147 est
679 3082 829 3162 directa0,
871 3102 967 3167 quam
996 3101 1099 3165 nuper
1127 3078 1190 3144 alia

67 3166 207 3253 epistola
232 3177 438 3314 precesserat
466 3167 587 3232 eisdem
616 3166 742 3232 civibus
774 3165 873 3229 missa
899 3186 996 3250 super
1025 3163 1188 3228 deditione

68 3253 210 3317 civitatis
259 3252 395 3334 aventie,
423 3249 596 3315 verborum
619 3260 651 3314 et
672 3250 901 3315 sententiarum
923 3257 1093 3314 venustate
1116 3268 1190 3311 con-

65 3338 186 3402 fectae.
240 3334 368 3400 Deinde
410 3336 584 3419 imperator
626 3333 824 3420 Spoletum0,
867 3333 1030 3397 civitatem
1072 3352 1156 3417 pape
1165 3343 1191 3412 1’,

68 3517 93 3569 a)
109 3517 257 3559 Helberstad.
275 3517 324 3559 Da.
428 3514 452 3568 b)
468 3517 669 3565 Brandcnburgcn
684 3517 740 3564 D13
764 3513 897 3555 Brundenb.
921 3513 970 3556 Dr.
1069 3512 1090 3563 c)
1113 3521 1193 3562 super·

10 3589 15 3610 ¹
68 3575 254 3626 venientem,
272 3577 451 3626 superveniente
467 3576 516 3616 111.
547 3574 571 3626 (1)
589 3577 660 3617 70000
677 3574 824 3617 militesve.
854 3569 876 3622 e)
893 3573 1006 3613 arator.
1037 3570 1194 3623 oderam.

68 3635 93 3687 g)
110 3635 166 3686 Apu
182 3635 234 3677 Da.
315 3635 338 3688 h)
354 3635 493 3676 Germanica
513 3645 582 3685 quam
603 3635 634 3676 al.
650 3639 668 3676 t.
684 3634 735 3674 Da.
819 3631 1017 3682 i)gatcras1>1;
1040 3631 1124 3680 gallias
1139 3629 1192 3672 Da.

68 3694 94 3746 k)
111 3694 265 3736 intendebant
279 3694 330 3736 Dr.
376 3692 394 3745 l)
411 3695 495 3743 galeris
511 3695 566 3743 D13
583 3693 666 3742 galleis
682 3694 731 3733 111.
777 3688 809 3742 m)
826 3691 903 3730 derum
918 3691 968 3731 Dl.
999 3687 1025 3742 n)
1041 3689 1128 3730 referta
1143 3689 1193 3731 M.

70 3754 94 3807 o)
112 3754 233 3804 spoletum
249 3753 298 3794 Db.
359 3752 384 3804 p)
400 3754 456 3794 aroer
471 3753 520 3792 Da.

72 3886 100 3952 1)
121 3884 256 3952 Ludolfur
272 3884 295 3935 I.
322 3885 355 3936 A.
431 3881 768 3948 2)Heinricus1llaatrir.
794 3879 828 3933 A.
904 3877 933 3948 3)
954 3880 1085 3933 Iohannis
1105 3879 1130 3929 Ι.
1160 3877 1193 3931 Α.

71 3959 102 4024 4)
122 3959 246 4010 Iacobus.
278 3959 312 4010 A.
401 3957 430 4022 ὅ)
449 3957 485 4010 Et
511 3956 637 4008 maiorem
650 3954 741 4022 fcisse
763 3956 905 4020 palearum
929 3969 1077 4015 numerum,
1108 3968 1193 4018 acque

68 4048 160 4084 omnen
181 4039 227 4082 aut
251 4040 343 4097 captas
373 4039 420 4081 out
449 4030 598 4082 submersas
627 4046 691 4092 ease,
722 4035 840 4088 constat,-
868 4044 894 4077 c.
916 4026 1039 4077 Barthol.
1064 4022 1194 4090 Scribam,

71 4104 124 4158 Sd.
132 4103 162 4154 X
165 4104 245 4168 VIII,
258 4105 319 4168 195,
332 4103 587 4156 eructuare-Brea.
602 4102 632 4166 V,
649 4102 729 4152 1120.
749 4099 848 4151 Procul
860 4099 940 4151 dubio
952 4104 1046 4150 auctor
1056 4097 1195 4164 epistolam

70 4178 210 4247 quondam
229 4177 362 4231 diederici
380 4186 483 4231 secutus
497 4185 543 4239 eat,
556 4177 585 4226 in
599 4193 661 4241 qua,
677 4175 744 4226 sicut
756 4172 786 4224 in
802 4171 893 4224 litteris
907 4171 1066 4235 victricibus,
1079 4171 1144 4222 ibid.
1165 4171 1194 4232 V,

77 4253 158 4315 1126,
176 4251 287 4304 accium
299 4253 373 4319 supa
393 4252 546 4316 elapsurum
563 4250 640 4300 nulla
651 4248 735 4315 fiebat
753 4244 857 4298 mentio.
879 4243 906 4296 0.
982 4243 1011 4311 6)
1031 4242 1095 4296 Siue
1114 4244 1195 4296 dubio

72 4327 169 4378 similia
187 4324 236 4390 illi,
254 4342 324 4391 quae
344 4331 429 4377 cantat
448 4322 524 4390 apud
537 4321 643 4374 Petrum
656 4322 688 4373 de
710 4321 794 4372 Viaca
806 4318 831 4383 1,
847 4319 873 4370 9.
888 4317 1004 4370 [Actaeae
1018 4318 1050 4370 de
1064 4315 1198 4370 deditione

74 4399 226 4452 Faventiac
244 4397 341 4451 ibidem
361 4396 520 4466 lectaturl,
536 4412 567 4462 p.
582 4395 608 4447 8.
627 4393 661 4446 A.
