2944 5002
303 389 357 440 366
515 387 670 442 MARTINI
690 387 937 441 CONTINUATIO
957 386 1208 443 COLONIENSIS.

304 566 354 623 et*
369 558 471 623 aureo
486 559 592 623 colore
615 557 698 623 celis
719 567 770 621 et⁰
783 556 1043 643 perlustrccionc
1065 557 1248 623 clarissime
1263 559 1347 624 diei.
1383 561 1428 628 iu

304 641 400 708 ducis
421 643 595 728 simplices,
617 641 758 706 sednon
782 641 954 724 antecedis,
969 651 1070 727 pater
1090 645 1232 725 nomine,
1253 643 1338 708 sed⁸
1364 666 1429 710 non

298 735 420 812 pater·
441 749 477 790 re
492 728 713 812 nuncuparis.
746 726 904 812 Sufficiat
926 725 994 808 tibi,
1015 735 1043 791 te
1059 749 1132 792 cum
1144 726 1231 810 filiis
1245 729 1313 793 tuis
1337 729 1430 794 non*

303 813 506 896 iuquieturi⁰
541 811 588 876 ett
621 814 674 876 sin
699 809 766 875 ulis
801 812 901 875 aunis
929 832 1015 874 more
1045 811 1248 876 Titurcorum
1274 811 1431 898 flaqeltis

306 896 512 960 circumdari
542 897 659 960 minan
685 917 712 960 o.
771 894 993 959 Verumtamen
1029 896 1059 959 si
1089 897 1151 960 ius
1184 905 1276 960 terra
1309 907 1431 961 nostra

302 1001 434 1044 manere
443 980 628 1045 desideras:
642 979 915 1044 eccelirerusatem
924 978 1432 1068 gloriosissimamh‚Accisaroni

302 1064 352 1130 eti
372 1064 540 1150 Tripolim,
569 1064 682 1128 urbes¹
698 1065 982 1148 prestantissimae
990 1074 1023 1143 m,
1040 1062 1127 1145 filiis
1145 1067 1211 1129 tuis
1232 1067 1432 1150 aperimus¹¹

302 1158 331 1214 et
343 1149 548 1213 concedimus
559 1169 731 1232 reparare,
742 1151 791 1212 ita
803 1157 838 1212 ut
853 1149 941 1212 sint⁰
954 1147 1047 1212 nobis
1082 1151 1229 1234 erpetuii
1244 1149 1432 1214 censuales.

307 1233 511 1300 Cavernami
526 1231 620 1315 Filii,
642 1231 757 1298 uatem
778 1235 894 1298 matris
909 1241 954 1296 „r
975 1170 1126 1318 tempiirm
1146 1234 1298 1297 diuinum
1312 1243 1430 1299 nostro

301 1317 479 1382 conductu³
494 1318 657 1382 uniuersis
676 1319 950 1382 communicamus
959 1326 1099 1403 propter
1109 1341 1279 1383 numerum
1290 1341 1433 1383 suorum

303 1401 536 1466 denariorum‘
558 1411 587 1465 et
617 1401 822 1466 oblacionum
852 1404 1075 1488 quantitatem.
1124 1400 1265 1488 Surpeu,
1302 1403 1430 1467 invoca

304 1486 399 1550 deum
421 1494 524 1567 tuum,
554 1495 591 1549 ut
618 1495 745 1550 tantam
774 1485 972 1552 stulticiam'
1000 1495 1060 1550 tem
1085 1496 1150 1551 eret
1178 1497 1206 1550 et
1235 1489 1347 1571 capiti
1374 1496 1430 1551 tuo

297 1571 457 1655 priorisw
471 1567 649 1635 inteitectus
666 1571 817 1635 restituat
832 1573 1014 1636 sanitatem.
1048 1509 1088 1636 »ii
1103 1581 1209 1635 autem
1222 1573 1337 1636 uenire
1347 1593 1430 1657 pro-

299 1657 412 1739 ponis,
445 1675 512 1719 non
534 1655 704 1755 incipias¹
732 1665 920 1719 annorum!
948 1664 1114 1719 tantorum
1143 1657 1318 1741 spacium²
1377 1677 1428 1720 ro-

303 1739 463 1820 traines,
478 1738 547 1816 [ab
558 1761 644 1803 smus
655 1761 716 1803 nos
726 1739 788 1802 tibi
799 1761 993 1804 occursuros
1006 1742 1184 1805 ruscianum
1195 1678 1427 1825 plumacium

299 1823 447 1909 plurimo
470 1825 635 1905 comitatu,
656 1825 705 1887 ita
727 1833 763 1886 ut
777 1827 882 1888 omnis
896 1833 985 1888 terra
999 1826 1164 1911 sanquine
1178 1825 1426 1908 interfectorum

302 1909 348 1972 im
372 1906 506 1987 leaturJ.
530 1906 608 1973 Cum
623 1909 709 1972 euim
723 1930 807 1973 auro
822 1917 851 1971 et
867 1918 1002 1995 arpenta
1015 1931 1030 1972 s
1054 1909 1262 1995 eciebusque⁰
1278 1911 1427 1974 cunctisr

303 1929 539 2074 haiundemus,
562 1991 612 2056 nit
630 1991 726 2056 aliud
739 1995 888 2057 sicientes
896 2003 1009 2077 preter
1052 1995 1250 2080 sanquinem
1266 1992 1425 2058 christia·

303 2098 430 2157 norum,
452 2085 633 2160 [quorume
649 2076 868 2141 cadaveribus
883 2086 1014 2160 montes,
1029 2075 1129 2141 nattes
1152 2100 1350 2163 camposque
1363 2079 1423 2144 im·

301 2160 473 2244 plebimus,
502 2161 551 2224 ita
573 2169 610 2224 ut
631 2170 749 2224 cuncta
773 2164 934 2226 scaturire
956 2163 1117 2226 vermibus
1138 2163 1373 2244 uidebuntur],·
1395 2172 1426 2227 et

304 2248 382 2331 quia
410 2244 481 2328 fitii
515 2246 566 2308 tui
597 2243 683 2309 nonf
714 2248 865 2310 martires
897 2246 954 2311 sed
988 2246 1190 2331 confessores
1222 2249 1423 2326 moriuntur,

304 2327 464 2409 accelera,
486 2337 522 2392 ut
537 2351 603 2414 per
624 2351 684 2393 nas
704 2330 878 2393 martirum
900 2353 1055 2394 numerus
1076 2330 1296 2416 compleatur&
1317 2340 1349 2394 et
1366 2331 1423 2395 utll

303 2415 436 2477 iuuenes
457 2423 687 2494 renascantur,
710 2416 769 2499 qui
784 2415 975 2499 parentari
994 2437 1127 2480 suorum
1142 2438 1289 2480 cruorem
1309 2417 1421 2480 uindi-

304 2507 414 2562 cantes
450 2498 495 2561 ad
530 2520 591 2562 nos
622 2500 822 2583 properent*
860 2500 1000 2585 penam¹
1038 2500 1172 2565 similem
1207 2503 1421 2585 reportaturi.

306 2580 493 2662 Orucificcus
521 2590 597 2646 tuus
619 2582 776 2647 baiulans
802 2583 968 2669 tipnumm,
992 2585 1076 2648 sicut
1102 2587 1202 2667 dicis,
1237 2586 1283 2649 act
1315 2583 1420 2649 tasum

303 2665 463 2752 supplicii
476 2675 597 2730 terram
618 2669 802 2732 natiuitatis
812 2670 975 2752 proprie¹¹
997 2671 1128 2734 minime
1150 2669 1281 2734 salvare
1321 2671 1420 2734 otuit:

303 2759 361 2814 tu⁰
383 2772 450 2814 non
479 2750 669 2816 huiusmodi
689 2754 832 2833 racione,
860 2752 918 2816 sect
945 2762 981 2816 ut
1004 2755 1224 2837 potentissimi
1231 2765 1245 2807 Ρ
1271 2765 1285 2816 t
1306 2756 1421 2818 esauri

302 2836 408 2898 nostri
436 2835 616 2899 dominium
668 2835 848 2918 assisiensi,
869 2834 962 2920 filios
990 2845 1062 2901 tuos
1080 2839 1230 2922 precipis
1252 2836 1419 2902 debellare.

302 2919 505 2983 Dormiencto
538 2921 628 3006 siqui
651 2943 699 2983 em
731 2930 760 2985 te
792 2929 1025 3004 suspectamus,
1060 2944 1119 2986 nec
1150 2933 1229 2985 nosr
1260 2923 1308 2986 ad
1328 2931 1421 2986 tuum

304 3005 478 3068 aduentum
510 3002 634 3088 aliquis
671 3005 793 3070 audeat
828 3007 979 3070 oscitare.
1033 3006 1103 3071 Nos
1137 3007 1267 3091 quidem
1296 3016 1419 3087 castra,

303 3087 445 3169 castella,
467 3089 613 3153 ciuitates
628 3091 867 3156 munitissimas
889 3090 1131 3155 inhabitamus:
1154 3101 1183 3154 et
1203 3100 1238 3154 tu
1253 3093 1323 3155 sine
1340 3101 1420 3156 tecto

301 3175 402 3237 unius
429 3173 496 3238 diei
522 3175 636 3258 spacio
659 3173 785 3238 totterc³
807 3184 921 3239 nostra
950 3177 1076 3323 pueris,
1106 3178 1164 3262 qui
1189 3199 1246 3240 nec
1270 3178 1420 3261 propria

298 3257 423 3343 poteris
445 3257 605 3322 retinere?
647 3258 732 3345 Lepe
757 3257 919 3340 subtilius,
973 3259 1087 3344 isputa
1113 3260 1296 3342 discretius,
1319 3269 1417 3344 puta,

302 3343 404 3429 quodt
437 3363 600 3406 annorum
630 3339 800 3407 curricula
828 3344 974 3408 nondum
1004 3353 1176 3425 uenerunt,
1211 3347 1248 3410 in
1278 3345 1416 3430 quibusu

300 3449 438 3512 repnum
469 3425 646 3491 Iudeorum
681 3428 812 3492 redirev
848 3428 959 3492 debeat
994 3436 1023 3490 et
1058 3428 1230 3493 multitudo
1265 3432 1417 3514 poncium

300 3511 474 3595 dissipari.
525 3509 677 3596 Rupilius
712 3513 899 3596 siquidemw
940 3510 1061 3596 plenus
1098 3525 1204 3596 aque¹
1244 3536 1416 3599 uunquam

300 3709 323 3762 a)
338 3709 395 3749 deest
410 3720 430 3749 e.
512 3707 536 3761 b)
551 3711 603 3751 cedi
619 3713 640 3751 t.
723 3709 745 3764 c)
765 3712 820 3753 deest
836 3713 857 3752 i.
938 3709 962 3764 i)
978 3721 1020 3752 uos
1036 3712 1058 3753 t.
1141 3708 1163 3762 e)
1177 3711 1310 3760 iuquietare
1325 3721 1341 3752 c.
1359 3717 1378 3750 et
1394 3713 1415 3753 2.

299 3767 376 3822 ossii
391 3778 455 3809 more
470 3770 585 3810 trecorum
601 3771 773 3812 circumducere
788 3772 898 3812 minando
914 3783 931 3812 c.
1012 3768 1036 3822 g)
1053 3771 1073 3812 si
1088 3774 1174 3811 terrem
1194 3772 1298 3810 nostr-em
1320 3771 1417 3810 multum

300 3829 349 3870 des.
366 3829 386 3868 s.
417 3825 441 3880 h)
458 3828 663 3877 gloriosissimus.
698 3829 717 3883 i)
732 3829 854 3872 Akuronc.
891 3828 916 3882 k)
931 3829 958 3870 Δ,
970 3831 1073 3881 Tripolis
1081 3831 1102 3871 2.
1139 3829 1157 3881 l)
1170 3829 1252 3871 deestt.
1284 3826 1317 3881 m)
1333 3833 1416 3879 peteu-

299 3888 388 3929 tissime
404 3887 425 3929 t.
462 3887 487 3940 n)
504 3889 634 3938 aperiemus
649 3901 666 3930 c.
705 3888 905 3941 uastissima
940 3891 965 3941 p)
982 3894 1093 3941 perpetue
1110 3890 1130 3931 ii.
1167 3887 1192 3940 q)
1207 3888 1244 3929 Aa
1260 3899 1380 3929 nevernum
1395 3901 1415 3932 c.

299 3945 320 3998 r)
336 3947 392 3986 duest
407 3958 425 3989 c.
470 3945 491 3999 s)
507 3948 612 3988 divinum
628 3949 766 3989 conductum
780 3961 799 3990 o.
848 3948 867 4001 t)
884 3950 982 3990 doneris
997 3961 1014 3990 c.
1064 3947 1090 4001 u)
1106 3953 1129 3990 et
1144 3948 1195 3990 uda.
1210 3959 1228 3990 a.
1272 3946 1297 3999 v)
1313 3952 1339 3988 ut
1353 3949 1414 3990 stult.

300 4010 363 4046 tuem
379 4017 395 4046 c.
440 4004 471 4059 w)
487 4007 541 4057 puri
555 4019 573 4049 c.
618 4005 644 4060 x)
660 4009 762 4058 accipies
778 4019 796 4049 c.
840 4006 866 4060 y)
881 4012 939 4050 tent.
955 4019 1009 4050 eun.
1026 4019 1044 4051 c.
1091 4005 1113 4059 z)
1130 4008 1206 4058 specie
1221 4018 1239 4048 o.
1285 4004 1308 4059 e)
1324 4009 1349 4047 iu
1363 4019 1415 4057 pro·

300 4066 413 4106 trehsndo
429 4076 447 4107 c.
493 4064 517 4118 b)
533 4069 557 4107 et
571 4067 828 4118 scies-imp1.des.c.
874 4065 895 4120 c)
912 4068 1033 4118 speciebus
1050 4069 1070 4108 t.
1116 4065 1139 4118 d)
1157 4067 1203 4107 uisi
1217 4077 1234 4108 c.
1280 4064 1303 4118 e)
1319 4076 1414 4116 querum

302 4124 554 4166 -vidsbunturaene,
604 4123 674 4177 sptui
690 4127 793 4166 maxime
809 4127 955 4168 confessione
971 4130 993 4170 2.
1037 4124 1061 4178 ς)
1077 4126 1202 4177 impleatur
1218 4126 1237 4165 t.
1282 4123 1307 4178 h)
1323 4126 1377 4166 decu
1391 4127 1413 4172 2.

300 4181 318 4234 i)
335 4185 375 4233 qui
396 4187 487 4233 petrum
508 4195 539 4226 cr.
554 4195 571 4224 c.
659 4182 685 4236 k)
700 4188 826 4236 properent
842 4187 862 4227 2.
952 4184 971 4238 1)
987 4197 1060 4236 psues
1082 4186 1216 4226 consimiles
1238 4189 1413 4235 tepor-teuteus.

300 4239 332 4294 m)
350 4243 471 4283 crucensi.
516 4241 541 4295 n)
556 4244 642 4283 demto.
688 4243 711 4295 ο)
728 4247 813 4287 ettuc.
858 4243 883 4297 p)
898 4246 1084 4296 potentissimum
1094 4245 1197 4286 thesauri
1206 4245 1278 4284 nostri
1287 4244 1414 4288 dominiis.

300 4299 325 4352 q)
340 4301 473 4351 possideres
489 4302 509 4344 i.
554 4300 575 4353 r)
592 4312 635 4342 nec
650 4302 680 4342 ed
695 4307 711 4344 t.
728 4315 748 4344 u
767 4314 788 4346 u.
805 4314 847 4344 uos
863 4306 948 4346 undeet
962 4316 979 4345 e.
1026 4304 1046 4356 s)
1062 4308 1141 4346 nostre
1156 4303 1239 4344 tollere
1253 4314 1271 4343 c.
1316 4301 1335 4355 t)
1350 4308 1415 4354 puto-

301 4361 384 4410 quem
400 4363 455 4409 quot
468 4371 486 4402 o.
544 4361 569 4412 u)
583 4361 644 4411 quod
658 4371 676 4402 r.
736 4361 760 4413 v)
776 4363 863 4403 selveri
879 4365 899 4404 ii.
959 4362 990 4414 w)
1007 4364 1080 4414 siquis
1097 4364 1116 4404 t.
1177 4361 1202 4416 x)
1218 4362 1273 4402 deest
1288 4373 1306 4404 e.
