2934 4998
290 391 344 442 316
563 389 750 444 DIALOGUS
772 391 921 442 CLERICI
938 389 985 442 ET
1004 391 1114 442 LAICI.

823 565 842 616 Ι
846 564 877 616 V.

327 651 525 708 DIALOGUS
543 655 699 708 CLEBICI
715 656 771 708 ET
784 655 893 707 LAIOI
910 655 1061 708 CONTRA
1080 653 1383 708 PERSECUTORES

713 727 988 782 EOCLESIARUM.

322 839 463 891 INCIPIT
481 840 668 892 DIALOGUS
689 839 838 891 CLERICI
857 840 905 890 ET
923 839 1027 891 LAICI
1047 839 1189 892 CONTRA
1208 839 1395 891 PERSECU-

650 915 766 966 Tonas
785 912 1054 965 ECCLESIARUM.

377 1015 558 1104 [Clericus].
569 1017 661 1082 Licet
670 1017 871 1081 karactcrem
885 1038 949 1103 quo
961 1039 1021 1102 ego
1036 1017 1209 1101 insignitus
1222 1038 1292 1080 sum
1303 1028 1345 1081 tu
1355 1039 1425 1080 non

314 1122 384 1165 eras
399 1122 460 1166 nec
474 1103 647 1186 acceperis,
659 1102 735 1188 quia
750 1112 856 1166 tamen
868 1101 1078 1186 gramaticam
1090 1110 1122 1165 et
1132 1099 1295 1187 eloquium
1305 1099 1424 1185 lingue

340 1185 404 1250 tine
425 1187 520 1267 nosti,
542 1185 630 1273 loqui
652 1196 758 1251 tecum
781 1207 819 1249 ac
840 1185 996 1250 disserere
1023 1185 1118 1271 cupio
1145 1183 1186 1249 de
1207 1184 1269 1249 hac
1290 1185 1423 1251 turbela

291 1269 405 1333 mundi
433 1278 465 1334 et
496 1269 535 1334 de
563 1267 821 1357 persecutoribus
852 1267 1072 1351 ecclesiarum,
1099 1290 1179 1355 quos
1215 1269 1424 1354 temporibus

291 1355 408 1420 nostris
429 1355 464 1416 in
486 1354 632 1441 eligendo
655 1377 729 1438 rege
751 1355 934 1440 principum
958 1353 1119 1418 discordia
1140 1355 1323 1435 suscitavit,
1347 1375 1421 1438 pre

292 1438 401 1502 sertim
413 1459 486 1501 cum
497 1440 532 1503 in
543 1439 874 1504 excommunicatione
886 1436 993 1502 Adolfi
1006 1436 1169 1523 quondam
1179 1437 1421 1586 archiepiscopi

292 1523 378 1586 etin
400 1523 470 1586 eius
493 1524 693 1610 depositione
714 1544 778 1585 non
801 1530 888 1587 recto
910 1523 1038 1587 tramite
1059 1544 1247 1608 processum
1269 1523 1293 1585 ti
1318 1524 1421 1588 iesse

290 1607 446 1671 videatur.

375 1690 504 1756 Laicus.
546 1689 638 1754 Istud
660 1712 720 1775 ego
743 1688 874 1776 quidem
899 1690 954 1754 diu
974 1690 1039 1754 iam
1069 1689 1260 1773 desideravi,
1282 1699 1319 1754 ut
1342 1711 1419 1754 cum

291 1773 400 1861 aliquo
429 1785 484 1840 tue
511 1774 719 1860 professionis
744 1775 813 1839 viro
841 1774 916 1838 inde
938 1775 1128 1856 conferrem,
1164 1776 1240 1861 quia
1259 1796 1319 1838 nos
1342 1772 1418 1838 laici

290 1871 452 1959 putamus,
468 1859 556 1946 quod
567 1867 668 1924 totum
679 1858 741 1923 hoc
752 1859 872 1922 malum
885 1882 926 1924 ex
938 1856 1033 1946 culpa
1044 1858 1232 1923 clericorum
1243 1861 1418 1938 sumpserit

290 1965 433 2008 m101um.

375 2026 528 2092 Clericus.
573 2029 735 2108 Quoniam
756 2027 790 2092 id
813 2029 932 2113 optime
954 2025 1107 2108 intellexi,
1120 2026 1206 2113 quod
1228 2026 1359 2112 eulpam
1379 2027 1416 2090 in

290 2133 348 2176 nos
371 2112 548 2194 refunditis,
570 2111 642 2177 ideo
657 2121 773 2192 tecum,
790 2115 865 2199 quia
879 2113 929 2176 vir
942 2110 1084 2199 prudens
1098 2110 1219 2174 videris
1234 2112 1415 2175 errationis

291 2218 405 2281 capax,
427 2196 501 2261 inde
522 2195 609 2282 loqui
632 2207 663 2260 et
684 2205 715 2260 te
737 2197 932 2281 interrogare
948 2196 1070 2282 tibique
1084 2194 1279 2280 respondere
1297 2196 1415 2280 cupio,

290 2291 398 2346 tamen
418 2279 479 2344 hac
501 2281 691 2366 interposita
712 2280 904 2363 conditione,
925 2303 965 2344 ne
995 2281 1228 2344 commovearis
1256 2281 1290 2342 in
1318 2280 1412 2362 iram,

291 2367 319 2428 si
339 2364 447 2451 aliqua
469 2364 582 2428 dixero
610 2387 672 2451 que
700 2365 759 2430 tibi
774 2387 840 2429 non
854 2363 991 2450 placent,
1008 2365 1159 2450 quoniam
1175 2363 1210 2427 id
1224 2386 1289 2428 non
1303 2365 1413 2427 animo

290 2459 321 2514 te
353 2448 552 2534 provocandi
583 2448 677 2532 facio,
709 2449 765 2514 sed
803 2471 899 2512 causa
935 2448 1148 2513 ratiocinandi
1181 2460 1212 2513 et
1243 2449 1412 2514 veritatem

291 2532 449 2598 eliciendi.

374 2617 503 2680 Laicus.
552 2618 715 2682 Patienter
734 2626 767 2681 te
788 2617 927 2699 audiam,
956 2627 997 2698 et,
1025 2618 1052 2680 si
1073 2627 1196 2703 potero,
1226 2616 1266 2681 de
1288 2617 1411 2682 ratione

290 2700 502 2786 respondebo,
518 2700 693 2766 dummodo
708 2700 842 2764 modum
855 2723 921 2765 non
936 2701 1084 2784 excedas,
1100 2709 1132 2765 et
1150 2724 1190 2764 ne
1205 2701 1300 2764 nimis
1315 2700 1412 2784 adea

290 2785 515 2871 progrediaris,
539 2809 600 2872 que
623 2786 725 2870 magis
748 2787 852 2849 rixam
875 2807 972 2871 quam
994 2787 1161 2850 veritatem
1184 2783 1319 2849 eliciant.

375 2867 530 2934 Clericus.
575 2869 705 2936 Cavebo
727 2871 841 2952 michi3
865 2883 896 2934 et
919 2871 1057 2955 primum
1081 2871 1138 2934 abs
1166 2878 1197 2933 te
1227 2891 1342 2955 quero:
1369 2891 1412 2934 an

290 2963 326 3019 tu
347 2955 381 3017 in
400 2953 522 3040 populo
545 2954 701 3019 catholico
724 2966 755 3019 et
775 2977 834 3039 per
856 2955 1041 3018 universam
1063 2955 1225 3018 civitatem
1247 2953 1320 3032 Dei,
1349 2975 1411 3039 que

290 3039 325 3101 in
352 3040 445 3104 terris
475 3047 524 3103 est
550 3040 730 3120 constituta,
758 3037 919 3186 duplicem
942 3061 1011 3104 esse
1033 3039 1203 3121 iusticiam,
1233 3037 1410 3123 spiritalem

292 3122 414 3188 scilicet
434 3146 472 3187 ac
496 3121 681 3205 secularem,
704 3144 803 3186 conce
827 3145 873 3186 as.

374 3207 501 3271 Laicus.
544 3206 731 3272 Absurdum
754 3217 847 3289 esset,
869 3208 896 3270 si
918 3207 980 3270 hoc
997 3228 1159 3292 negarem,
1176 3229 1218 3270 ex
1233 3226 1297 3304 quo
1312 3205 1409 3270 fidem

290 3291 442 3376 profitear
463 3291 660 3370 catholicam,
682 3301 714 3356 et
734 3293 843 3375 sciam,
860 3291 946 3377 quod
960 3292 994 3354 in
1007 3291 1157 3375 passione
1172 3290 1296 3354 dommi
1309 3292 1408 3355 nostri

289 3375 387 3441 Ihesu
408 3375 529 3440 Christi.
551 3375 615 3440 duo
637 3374 683 3440 illi
705 3375 803 3462 gladii
825 3376 944 3439 mistici
958 3384 1128 3461 utramque
1144 3374 1227 3438 banc
1248 3375 1408 3439 iusticiam

288 3460 575 3547 prefiguraverunt.

375 3543 529 3609 Clericus.
572 3545 661 3609 Bene
683 3545 797 3627 sentis3
820 3553 852 3609 et
873 3543 951 3628 quid
972 3543 1031 3608 tibi
1052 3543 1190 3608 videtur:
1206 3541 1320 3606 harum
1335 3565 1408 3625 una,

290 3628 324 3693 id
351 3637 400 3692 est
421 3627 581 3713 spiritalis,
602 3651 708 3693 nonne
730 3629 834 3713 primo
856 3628 927 3692 loco
950 3628 992 3692 ad
1013 3649 1143 3715 papam,
1175 3625 1284 3708 altera,
1306 3626 1407 3692 idest

290 3711 451 3796 secularis,
473 3713 578 3798 primo
599 3713 670 3777 loco
693 3712 735 3777 ad
756 3735 865 3797 regem
888 3711 1049 3799 pertinet?

374 3797 500 3861 Laicus.
545 3797 626 3877 Quis
647 3796 708 3862 hoc
731 3796 877 3862 dubitet?

375 3880 528 3947 Clericus.
572 3881 660 3946 Bene
682 3883 771 3964 facis,
794 3881 880 3967 quod
901 3880 936 3944 id
955 3880 1041 3966 quod
1055 3877 1149 3944 facile
1166 3888 1214 3943 est
1227 3877 1319 3942 facile
1334 3900 1405 3942 con-

291 3965 387 4033 cedis.
431 3965 496 4028 Dic
515 3964 612 4029 michi
634 3966 745 4030 modo:
768 3988 883 4049 graves
906 3986 1058 4029 excessus
1080 3963 1402 4050 archiepiscoporum,

291 4051 375 4114 sicut
400 4050 543 4196 periuria
571 4059 602 4114 et
631 4049 694 4114 alia
720 4049 905 4132 criminalia,
935 4048 977 4113 ad
1006 4071 1101 4136 quern
1130 4049 1292 4136 pertinent
1313 4049 1403 4111 corri-

290 4133 395 4218 genda

374 4216 500 4282 Laicus.
543 4217 597 4281 Ad
619 4241 713 4305 quem
735 4218 838 4302 magis
862 4239 959 4303 quam
981 4215 1024 4281 ad
1050 4237 1177 4303 papam,
1207 4237 1280 4279 cum
1308 4213 1399 4279 alium

289 4299 429 4366 iudicem
451 4303 484 4365 in
506 4300 567 4366 boc
590 4301 699 4366 seculo
721 4324 871 4387 superse
893 4323 959 4366 non
979 4301 1119 4366 habeant
1139 4301 1202 4364 nisi
1223 4298 1320 4364 illum.
