2942 4998
246 409 433 463 CHRONIOA
452 411 566 464 anem
586 411 828 466 OOLONIENSIS
848 413 880 466 A.
902 415 982 466 1110.
1139 415 1175 464 49

430 583 597 638 Recensio
616 586 640 638 I.
660 587 754 639 codd.
773 587 807 637 A.

44 671 125 755 fieri
141 672 377 756 permittimus,
400 681 445 734 set
467 674 597 736 omnino
619 673 848 738 interdicentes
865 673 1096 758 prohibemus.
1135 674 1177 740 Si

72 757 126 819 uis
155 756 354 840 principum
386 754 435 818 uel
466 755 607 820 aliorum
640 756 801 821 laicorum
837 759 1084 858 dispositionem
1120 782 1175 823 seu

51 779 265 903 donationem
281 860 390 906 rerum
412 841 478 902 sice
494 842 760 925 posscssionuma
783 839 991 906 ecclesiarum
1014 842 1078 907 sibi
1098 866 1174 906 uen-

52 925 226 1003 dicaverit,
248 932 284 986 ut
305 922 487 1008 sacritequs
507 925 681 988 iudicetur.
721 923 839 989 Cierici
852 948 925 989 uero
942 949 997 990 seu
1013 927 1174 1006 monachi,
1230 937 1232 941 ’

52 1011 111 1092 qui
128 1028 187 1070 eas
197 1029 263 1091 per
272 1016 461 1091 potestatem
474 1007 606 1073 diorum
621 1011 832 1092 susceperint,
848 1012 1176 1075 encommunicationi

53 1093 274 1154 subiciantur.
317 1090 405 1155 Sunt
426 1101 578 1176 preterea
606 1093 752 1178 quidam,
782 1095 841 1180 qui
866 1093 915 1158 net
942 1092 1099 1159 uiolentia
1126 1094 1176 1159 uel

43 1174 170 1260 fauore
192 1198 259 1239 non
278 1177 472 1258 permittunt
494 1175 664 1240 ecelesiash
687 1176 884 1261 reputaretur
912 1179 1068 1242 ordinari
1074 1200 1086 1260 ;
1118 1180 1175 1242 uu

54 1263 153 1323 etiam
176 1259 377 1325 decernimus
399 1268 435 1323 ut
456 1259 633 1346 sacriteqos
655 1261 863 1326 iudicandos.
903 1259 970 1336 Qui
990 1284 1065 1326 uero
1080 1262 1175 1327 ecete-

55 1347 126 1408 sias
149 1366 261 1407 eorum
281 1342 435 1408 uiolentia
456 1342 506 1408 oet
521 1347 718 1429 potestativo
730 1343 853 1429 fauore
880 1348 1091 1432 susceperint,
1120 1369 1173 1412 ea-

55 1429 345 1492 communicationi
366 1428 583 1493 subiciantur.
630 1427 831 1515 Quicumque
856 1452 907 1495 res
929 1428 1175 1516 naufraqorum

1 1585 2 1590 .
55 1512 234 1596 diripiunt,
257 1521 292 1574 ut
310 1520 459 1596 raptores
481 1512 668 1596 etfratrunn
689 1523 854 1578 necatores
878 1514 918 1577 ab
941 1514 1099 1580 aecclesia
1120 1537 1174 1580 erc-

55 1596 246 1661 dudantur.
294 1593 378 1658 Illud
400 1597 495 1660 etiam
517 1597 688 1680 repetitum
711 1607 742 1660 et
764 1597 985 1662 confirmatum
1009 1609 1066 1680 est,
1090 1599 1176 1685 quod

54 1681 87 1743 in
108 1680 263 1744 Trecensi
286 1678 421 1744 concilio
449 1679 488 1744 de
515 1681 709 1745 investituris
736 1680 974 1767 promulgatum
1003 1691 1061 1766 est,
1111 1682 1176 1747 uod

54 1766 99 1828 ita
130 1787 166 1828 se
196 1763 308 1827 habet:
334 1763 604 1829 Constitutiones¹
623 1774 770 1850 patrum.
813 1766 954 1830 Predicti
980 1767 1010 1830 le
1035 1768 1078 1830 ati
1125 1789 1176 1832 eo-

55 1849 144 1912 dium
172 1847 215 1911 ad
243 1870 352 1933 regem
379 1848 520 1929 veniunt,
548 1845 736 1934 responsum
766 1849 875 1912 domni
902 1790 1071 1950 apostoiiai
1098 1850 1176 1915 refe-

55 1943 172 2014 rentes,
207 1954 244 1997 ea
275 1942 398 1996 tantum
432 1954 494 2020 que
524 1933 669 1997 canonici
695 1943 728 1998 et
756 1932 963 2000 ecclesiastici
995 1935 1074 1998 iuris
1104 1944 1178 1998 sunt

56 2016 212 2080 domnum
239 2016 451 2102 apostolicum
481 2019 533 2080 exi
559 2039 622 2099 ere,
653 2017 692 2082 de
718 2017 767 2081 his
796 2040 872 2083 vero
901 2041 963 2105 que
991 2041 1025 2083 re
1049 2019 1071 2081 ii
1099 2019 1176 2083 iuris

57 2111 131 2165 sunt
154 2100 283 2164 domino
305 2102 374 2185 regi
397 2123 430 2164 se
452 2039 558 2164 nimii
571 2103 769 2172 imminuere,
846 2103 897 2167 lbi
912 2102 1000 2189 apud
1020 2041 1177 2168 {coelium

1 2201 2 2220 ³
56 2185 207 2249 dominus
229 2207 288 2249 rex
310 2183 438 2270 Anglici
459 2187 543 2268 regis
565 2184 663 2249 filiam
686 2185 859 2249 honorifice
886 2197 922 2250 ut
951 2208 1059 2272 regem
1087 2186 1179 2250 decet

57 2289 210 2354 sponsam
243 2271 393 2354 suscepit.
445 2267 660 2333 Godefridus²
690 2269 757 2333 dux
784 2269 1011 2357 Lotheringiae
1040 2271 1177 2356 gratiam

57 2354 141 2438 regis
165 2351 206 2416 ob
229 2373 332 2416 novae
352 2352 566 2417 interventum
580 2355 710 2437 reginae
748 2355 911 2418 romeruit.
975 2354 1047 2420 Rex
1062 2355 1175 2419 festum

56 2437 196 2522 paschae
218 2436 306 2522 apud
327 2437 509 2502 Traiectum
532 2437 665 2522 peragit.
709 2375 760 2500 lii
782 2461 824 2501 ex
845 2439 935 2502 iussu
962 2439 1046 2523 regis
1075 2439 1178 2522 capite

57 2520 191 2606 quidam
211 2530 386 2601 truncatur,
409 2523 486 2607 quia
507 2521 539 2584 in
561 2543 672 2585 necem
695 2521 838 2586 eiusdem
858 2520 921 2586 loci
936 2523 1080 2608 episcopi
1095 2522 1179 2588 Oun-

56 2604 125 2669 radi
148 2607 318 2669 consensit.
361 2603 492 2670 [birex
518 2627 668 2690 sponsam
696 2627 787 2669 suam
815 2608 904 2692 regio
931 2629 1020 2671 more
1048 2608 1177 2676 dotavit.

56 2688 128 2754 Hec
151 2687 263 2753 eadem
284 2689 319 2751 in
339 2687 418 2754 festo
441 2691 543 2754 sancti
557 2689 703 2755 Iacobia
728 2690 820 2754 ostoli
838 2693 871 2753 in
886 2692 1028 2776 reginam
1044 2692 1274 2776 Magon-uuas.

56 2774 119 2838 tiae
141 2773 183 2837 ab
207 2773 448 2922 archiepiscoqp
469 2772 635 2838 Friderico
659 2713 810 2838 Goioniae
833 2785 1047 2842 consecratur.
1112 2776 1177 2838 Ex-

57 2857 178 2943 peditio
200 2857 234 2920 in
249 2856 373 2922 Italiam
396 2880 415 2921 a
459 2858 617 2922 universis
632 2857 807 2924 occidentis
822 2859 1023 2944 principibus
1039 2860 1179 2925 Traiecti

58 2941 268 3010 collaudatur.

1 3045 2 3093 ὲ
131 3025 229 3090 Oirca
251 3026 280 3088 5.
303 3024 432 3088 Nonae
453 3025 539 3088 Iunii
561 3023 650 3090 stella
673 3022 781 3089 adulta
806 3027 870 3090 iam
898 3035 990 3091 nocte
1020 3048 1039 3090 a
1064 3028 1179 3114 paruit,

58 3111 167 3175 radios
202 3108 376 3173 admodum
407 3109 519 3195 longos
551 3132 662 3191 versus
694 3119 840 3174 austrum
868 3110 907 3175 de
937 3134 971 3175 se
1003 3133 1020 3174 e
1046 3111 1179 3180 uadens

1 3197 2 3269 ἴ
58 3194 199 3280 Eclipsis
221 3191 315 3257 lunae
336 3193 422 3256 facta
444 3202 492 3257 est
513 3195 542 3263 2.
565 3192 674 3258 Nonas
696 3193 771 3257 Mai.

1 3279 2 3300 i

396 3338 562 3390 Recensio
584 3338 625 3389 ΙΙ.
646 3339 738 3391 codd.
758 3339 792 3390 B.
814 3337 840 3389 0.

59 3445 244 3491 istasunt.
283 3440 341 3490 Rex
361 3439 432 3505 apud
451 3440 582 3489 Leodium
603 3455 727 3504 sponsam
748 3441 875 3505 suscepit,
894 3439 1016 3489 Heinrici
1036 3439 1107 3502 regis
1126 3438 1181 3488 An-

60 3514 163 3580 giorum
191 3512 284 3562 filiam.
322 3513 409 3564 Inde
435 3513 585 3562 Traiectum
610 3515 721 3574 venit,
750 3513 796 3563 ubi
826 3529 858 3562 ex
887 3514 944 3564 eius
970 3515 1044 3562 iussu
1072 3510 1180 3577 quidam

61 3588 151 3653 capite
170 3591 317 3649 truncatur,
337 3587 382 3651 qui
401 3587 429 3634 in
449 3601 541 3635 necem
563 3585 681 3635 Cunradi
708 3586 827 3651 episcopi
853 3588 1036 3636 consensisse
1062 3600 1181 3650 argue-

62 3659 171 3710 batur.
218 3659 261 3709 Ibi
290 3675 336 3708 rex
364 3674 487 3724 sponsam
517 3675 592 3710 snam
621 3658 737 3722 dotavit3
769 3675 847 3724 quam
876 3665 999 3724 postea
1027 3657 1182 3709 Friden'cus

62 3732 231 3784 coloniensis
251 3732 371 3798 pontifex
390 3733 527 3797 Mogontia
547 3730 575 3782 in
594 3732 714 3798 reginam
734 3733 910 3783 consecravit.

135 3805 250 3856 Cometa
269 3807 401 3871 apperuit.
439 3804 562 3872 Eclypsis
581 3805 644 3854 lune
663 3805 736 3855 facta
756 3811 796 3856 est
817 3799 875 3871 [Μ
895 3806 963 3856 Non.
983 3801 1084 3870 real.

62 3932 506 4043 s)pop)seppiongeipq31;1ge.ctes,ntt.
550 3930 760 3984 b)eccl'asiusA1.
806 3929 1181 3982 e)uaecdtetnctaeuenetautaest.

62 4007 89 4028 =
191 4003 212 4031 σε
264 4021 272 4035 .
314 3994 334 4033 l.
375 3995 396 4033 ἲ.

65 4103 92 4174 1)
111 4105 206 4157 Mansi
225 4107 242 4157 l.
262 4107 294 4157 t..·
321 4105 530 4158 Oonstitutiones
550 4111 700 4157 sanctorum
722 4119 853 4156 canonum
873 4109 1015 4170 sequentes
1034 4105 1183 4166 statuimus,

64 4185 99 4242 ut,
120 4183 284 4247 quicumque
299 4179 455 4230 clericorum
469 4181 502 4229 ab
516 4180 568 4228 hac
587 4179 652 4228 hora
671 4179 854 4229 investituram
876 4177 1077 4228 ecclesiasticae
1097 4179 1183 4242 digni·

64 4255 126 4305 tatis
143 4254 178 4304 de
199 4269 281 4303 manu
297 4252 390 4303 laicali
403 4255 540 4318 acciperet
553 4257 586 4322 ,et
606 4253 650 4317 qui
671 4252 696 4300 ei
716 4267 823 4302 manum
841 4252 1004 4316 imposuerit,
1024 4250 1123 4316 gradus
1143 4252 1185 4301 sui

64 4327 183 4392 periculo
206 4327 347 4378 subiaceat
373 4331 400 4376 et
424 4327 608 4376 communione
633 4326 760 4390 privetur.
842 4321 871 4388 2)
898 4323 939 4374 De
958 4321 1086 4374 Heinrico
1110 4321 1184 4372 Lim·

65 4399 189 4466 buryeusi
207 4399 376 4466 cogitandum
395 4415 458 4462 esse,
472 4397 582 4464 putavit
600 4395 709 4448 Sca-B.

931 4481 952 4542 4
