2944 5002
278 409 331 460 342
391 406 441 457 EX
459 407 554 460 HIST.
573 406 856 459 EXPEDITIONUM
875 407 914 458 IN
933 406 1082 458 TERRAM
1101 404 1279 457 SANOTAM.

202 576 321 641 raraad
352 595 494 662 pugnam
526 583 600 638 sunt
633 573 781 638 ordinati.
833 572 878 638 At
909 574 1062 656 cristiani,
1093 574 1233 638 minores
1263 569 1393 657 quidem

278 682 421 740 numero,
444 658 500 725 sed
528 658 673 724 fortiores
702 659 827 735 merito,
857 680 931 722 suas
959 659 1046 723 acies
1074 656 1182 723 debito
1210 663 1395 721 struxerunt

278 745 389 809 ordine
410 768 431 809 a
451 753 542 830 parte
566 741 767 808 occidentali.
810 743 861 807 Illi
881 743 1014 823 viribus,
1046 743 1099 806 isti
1127 742 1191 806 fide
1220 739 1395 804 confidunt.

277 833 322 894 At
343 829 499 893 Martinus
522 826 764 892 commendator
784 827 934 909 Palmele,
956 850 1076 913 parvus
1098 826 1228 912 quidem
1249 845 1394 908 corpore,

277 913 334 979 sed
365 935 430 976 non
465 913 570 998 impar
602 911 687 976 leoni
716 911 822 976 cordis
858 912 1034 992 ferocitate,
1069 909 1246 976 vexilluma
1280 908 1396 972 dextra

276 998 418 1078 vibrans,
450 997 593 1061 rutureb
621 997 725 1082 gentis
746 995 889 1060 medium
917 997 1064 1082 prorupit
1095 999 1129 1060 in
1158 1017 1289 1094 agmen.
1335 990 1396 1057 Oui

276 1105 342 1146 non
375 1084 480 1146 minor
511 1083 583 1167 ipso
613 1081 757 1165 iungitur
786 1081 822 1144 in
852 1103 962 1166 pugna
982 1081 1096 1144 Petrus
1116 1079 1247 1143 ¹milrcie
1269 1075 1397 1160 Templi

276 1165 432 1254 prelatus,
448 1187 529 1252 quos
540 1165 693 1228 audacter
704 1167 850 1250 sequitur
860 1186 924 1228 non
936 1166 1043 1250 segnis
1052 1163 1147 1228 turba
1159 1185 1300 1227 suorum.
1334 1161 1397 1225 Hic

277 1245 379 1337 equus
401 1251 574 1336 opponitur
593 1250 695 1335 equis,
717 1249 769 1313 hic
792 1249 921 1314 ensibus
944 1251 1038 1329 ensis,
1060 1248 1113 1312 hic
1129 1247 1249 1332 clipeus
1275 1245 1396 1332 clipeis,

276 1336 331 1400 hie
344 1334 458 1400 obruta
472 1333 595 1398 casside
606 1333 715 1398 cassis.
739 1333 826 1413 Quid
841 1332 950 1397 multis
964 1332 1148 1398 moramur?
1162 1333 1275 1396 Virtus
1288 1330 1396 1394 divina

277 1419 433 1505 superbos
455 1417 635 1483 humiliavit
659 1416 858 1504 humilesque
886 1440 961 1482 suos
985 1419 1123 1483 victores
1149 1416 1264 1482 effecit.
1313 1415 1396 1478 Nam

277 1515 379 1568 unus⁰
405 1503 452 1566 ibi
480 1525 591 1587 regum
617 1503 652 1565 in
674 1503 777 1588 primo
801 1523 975 1588 congressu
997 1501 1123 1583 cecidit,
1154 1511 1187 1566 et
1215 1511 1397 1565 ceterorum

276 1588 517 1653 interfectorum
538 1608 603 1650 non
625 1595 673 1650 est
694 1608 847 1651 numerus
876 1597 984 1672 preter
1012 1589 1156 1672 captivos
1179 1586 1235 1672 qui
1256 1582 1396 1649 inliniti‘l

277 1682 377 1737 erant.
421 1672 489 1737 Nec
510 1671 740 1754 reticendume,
769 1671 866 1757 quod,
893 1670 971 1735 dum
998 1671 1118 1758 captivi
1139 1693 1198 1756 per
1219 1669 1396 1734 exercitum

277 1756 482 1838 ducerentur,
505 1754 683 1843 querebant
703 1756 799 1840 signa
819 1757 991 1838 victorum,
1021 1763 1208 1836 asserentes,
1238 1752 1397 1817 candidis-
1441 1827 1444 1831 ,

278 1843 393 1905 simam
420 1842 523 1904 aciem
551 1861 661 1904 cruces
686 1840 803 1906 rubeas
834 1850 984 1926 gerentes
1011 1861 1141 1904 suorum
1173 1847 1337 1903 catervam
1364 1838 1397 1900 in

276 1925 388 2011 fugam
410 1924 615 1992 convertisse.
659 1925 795 2011 Insuper
817 1935 849 1990 et
869 1923 971 2009 galee,
995 1947 1074 2011 quas
1094 1945 1154 2009 per
1174 1945 1263 1986 mare
1286 1930 1397 1985 eontra

277 2019 403 2074 nostros
432 2008 621 2090 eduxerant,
648 2019 723 2072 sunt
751 2009 870 2094 fugate,
891 2008 1106 2095 relinquentes
1135 2008 1252 2071 nostris
1284 2027 1396 2091 equos,

277 2092 508 2160 kemmelinos¹
533 2103 564 2158 et
585 2093 721 2158 tentoria
741 2115 816 2157 cum
838 2103 906 2158 tota
928 2091 1160 2179 suppellectilis
1179 2113 1247 2156 sua.
1269 2089 1397 2155 Deinde

277 2180 379 2243 nostri
407 2179 524 2244 comite
554 2177 692 2242 Girardo
723 2200 850 2262 semper
882 2178 964 2242 duce
991 2177 1034 2241 ad
1065 2174 1202 2240 insultus
1230 2196 1396 2238 murorum

278 2272 352 2327 sunt
377 2263 505 2344 reversi,
539 2273 571 2328 et
599 2262 759 2326 interfecti
787 2271 862 2326 sunt
883 2273 948 2326 tam
976 2261 1017 2325 de
1046 2261 1206 2324 cristianis
1235 2281 1336 2345 quam
1357 2257 1397 2322 de

280 2347 476 2426 sarracenis,
511 2347 565 2410 isti
599 2344 772 2432 lapidibus,
809 2344 854 2409 illi
887 2347 1024 2429 sagittis.
1067 2345 1132 2408 Hic
1157 2342 1331 2410 westfalia
1365 2350 1397 2407 et

279 2431 424 2496 Saxones
440 2453 531 2494 suam
551 2430 740 2494 audaciamh
761 2453 849 2494 more
871 2451 929 2494 suo
944 2428 1166 2516 profuderunt,
1188 2438 1220 2492 et
1233 2429 1396 2492 Renenses

278 2516 408 2600 ingenio
431 2525 463 2580 et
483 2515 568 2579 facto
592 2537 657 2578 non
678 2517 817 2599 impares
846 2514 981 2578 adeam
1003 2512 1139 2578 viriliter
1168 2511 1395 2594 convolabant3

278 2598 500 2664 Nassiensium
523 2621 649 2686 quoque
670 2597 766 2684 clipei
794 2597 854 2663 sub
881 2597 956 2662 alba
984 2620 1079 2662 cruce
1107 2600 1208 2662 rosei*
1242 2597 1277 2660 in
1304 2617 1396 2659 muro

279 2681 475 2747 succidendo
506 2705 571 2747 non
602 2683 766 2747 modicum
799 2691 873 2746 sunt
904 2683 1038 2747 incensi.
1087 2683 1271 2747 Erexerunt
1302 2681 1396 2744 etiam

277 2767 379 2832 nostri
406 2768 617 2832 instrumenta
638 2767 784 2852 diligenti
806 2766 913 2832 studio
942 2769 1082 2849 inventa,
1137 2789 1176 2831 ue
1198 2765 1239 2830 de
1261 2764 1396 2829 Heneho

179 2869 224 2911 oa.
233 2871 267 2911 21.
277 2862 513 2937 noncupentur.
557 2851 653 2917 Circa
673 2853 790 2916 festum
810 2874 887 2916 vero
915 2851 1065 2915 undecim
1086 2789 1211 2915 milium
1233 2851 1397 2934 virginum

277 2959 336 3036 per
361 2936 498 3001 fossores
528 2935 645 3000 cecidit
671 2934 771 3000 altera
802 2937 908 3000 turris.
957 2936 1050 3000 Tunc
1080 2934 1209 3000 demum
1238 2935 1398 3034 perterriti

277 3019 419 3086 infelices
440 3020 487 3084 illi
509 3031 647 3085 castrum
669 3019 888 3102 reddiderunt,
916 3019 1028 3084 dantes
1050 3043 1085 3084 se
1108 3030 1139 3084 et
1162 3041 1220 3084 sua
1241 3043 1275 3082 1n
1298 3019 1396 3081 mani-

277 3105 339 3170 bus
360 3107 613 3192 peregrinorum,
646 3126 683 3168 eo
706 3114 800 3190 pacto
823 3103 911 3191 quod
933 3103 1052 3190 singuli
1072 3105 1206 3170 totidem
1229 3102 1396 3167 cristianos

278 3189 319 3254 de
348 3190 532 3274 captivitate
564 3189 741 3253 restituturi
768 3189 868 3251 vitam
900 3189 1104 3254 redimerent.
1154 3187 1219 3254 Sed
1248 3187 1396 3251 dominus

278 3275 374 3338 castri
395 3272 489 3337 Abur
510 3274 614 3338 dictus
637 3271 878 3358 cumpluribus
901 3271 1067 3338 obsidibus
1095 3295 1192 3358 super
1213 3281 1310 3358 pacto
1335 3294 1396 3336 ser·

278 3358 384 3422 vando
406 3361 545 3443 acceptis
566 3356 762 3443 baptismum
785 3359 886 3442 petiit,
906 3379 967 3421 nec
987 3358 1040 3422 lon
1066 3381 1082 3422 e
1101 3367 1175 3442 post
1201 3358 1235 3419 in
1256 3379 1396 3421 errorem

277 3443 450 3528 pristinum
472 3451 519 3508 est
540 3464 696 3506 reversus.
740 3441 872 3506 invente
894 3452 968 3506 sunt
988 3443 1022 3504 in
1042 3380 1105 3505 hoc
1132 3451 1236 3505 castro
1267 3453 1335 3506 tam
1358 3441 1396 3507 de

277 3527 354 3591 viris
377 3547 473 3612 quam
496 3525 536 3591 de
559 3525 755 3604 mulieribus,
770 3525 914 3613 parvulis
931 3536 963 3590 et
977 3526 1163 3608 maioribus,
1187 3527 1315 3593 circiter
1337 3528 1395 3594 tria

277 3609 366 3674 milia
387 3632 533 3696 persone,
556 3633 619 3697 que
641 3633 752 3675 omnes
767 3609 958 3674 venumdate
973 3619 1093 3675 suntet
1108 3611 1191 3677 inter
1206 3615 1395 3697 peregrinos

277 3695 403 3780 partite.
446 3694 511 3758 Hic
537 3716 558 3757 a
577 3697 688 3759 matris
716 3695 813 3762 ubere
842 3695 947 3760 infans
977 3704 1026 3759 est
1052 3718 1089 3759 ra
1112 3707 1174 3779 tus,
1203 3705 1235 3759 et
1260 3719 1396 3781 sponsus

277 3802 297 3842 a
319 3800 448 3865 sponsa,
456 3787 565 3928 prout
585 3801 654 3844 sors
674 3779 816 3861 dietavit,
841 3791 889 3845 est
910 3778 1042 3846 divisus.
1085 3717 1153 3844 lice
1175 3779 1397 3861 omittendum,

278 3863 365 3950 quod
400 3865 455 3950 qui
478 3885 531 3927 am
565 3884 608 3926 ex
640 3864 798 3928 cristianis
828 3862 959 3929 odorem
988 3863 1071 3928 lucri
1097 3873 1256 3928 sectantes
1288 3876 1397 3930 contra

277 3948 483 4014 interdictum
505 3969 613 4011 muros
635 3948 911 4028 transcenderunt,
932 3970 1093 4034 purpuras
1109 3970 1184 4012 cum
1200 3952 1395 4014 ornamentis

277 4034 384 4097 aureis
407 4043 438 4097 et
458 4033 618 4117 argenteis
640 4032 859 4098 distrahentes.
904 4032 970 4098 Sed
991 4032 1208 4098 admonitione
1231 4033 1292 4098 sub
1315 4055 1397 4118 pena

278 4116 619 4182 excommunicationis
642 4117 736 4200 facta,
765 4117 882 4202 singuli
913 4117 1000 4203 quod
1020 4130 1194 4203 rapuerant
1220 4115 1397 4182 retulerunt

278 4242 300 4294 a)
315 4245 421 4284 vixillum
437 4255 454 4284 c.
530 4242 554 4295 b)
571 4249 663 4285 ructare
678 4255 696 4286 c.
771 4243 849 4295 c)ubt
868 4249 1100 4294 postramanuu.
1175 4241 1199 4296 d)
1215 4245 1234 4285 u
1247 4251 1299 4295 poet
1315 4248 1364 4286 add.
1380 4259 1397 4286 r.

277 4301 301 4352 e)
316 4304 453 4342 reticentum
467 4304 678 4344 corr.rettcendum
693 4315 711 4346 c.
761 4303 922 4356 nauperleeti
936 4315 954 4346 θ.
1026 4302 1050 4357 g)
1067 4303 1143 4346 Wtstf.
1158 4315 1175 4346 c.
1237 4303 1261 4356 h)
1279 4307 1396 4350 audatiae.
1466 4325 1468 4368 1

277 4361 296 4415 t)
312 4361 378 4402 rubei
391 4362 487 4411 primam
501 4371 542 4404 scr.
560 4363 597 4401 aad
612 4363 653 4402 dcl.
670 4373 689 4404 c.

281 4455 309 4523 1)
328 4455 347 4507 i.
367 4473 393 4520 q.
412 4457 531 4508 camelos.
