2924 5006
263 368 314 420 182
370 367 559 421 ennomus
577 368 688 422 REGIA
708 367 963 421 cocornensis·
982 366 1085 419 CONT.
1099 366 1137 418 112
1156 367 1189 420 Δ.
1204 367 1282 418 1207.

260 557 353 600 suam
387 535 469 602 letus
506 545 538 601 et
571 533 680 600 hilaris
712 535 892 601 revertitur.
976 534 1103 599 Eodem
1143 544 1287 620 tempore
1318 556 1381 598 rex

261 619 432 770 Philippus
453 618 552 684 liliam
574 641 666 684 suam
687 618 753 684 filio
776 617 868 684 ducis
883 617 1057 684 Brabantie
1078 629 1215 704 nuptum
1236 616 1381 683 tradidit.
1453 686 1454 689 ,

361 705 448 792 gitur
469 704 675 769 Innocentius
720 725 792 789 apa,
815 702 924 768 divino
945 713 1060 852 uqruta
1080 704 1234 768 instinctu
1255 724 1383 802 premo-

259 789 356 872 nitus,
379 787 612 876 speculatorem
634 811 667 854 se
689 727 803 853 domus
818 787 953 852 Domini
996 786 1043 852 ele
1066 799 1153 852 atum
1176 786 1384 853 cons1derans

260 881 293 939 et
313 873 565 959 permutationes
586 895 691 938 rerum
721 894 780 958 per
801 871 962 937 declivum
983 811 1180 937 infidelitatis
1201 884 1234 936 et
1254 870 1384 936 malicie

260 959 367 1022 iusum
382 959 473 1044 vergi
488 957 704 1044 perpendens,
728 956 811 1021 duos
834 955 1023 1039 cardinales,
1038 956 1180 1022 Leonem
1194 955 1331 1021 scilicet
1352 968 1384 1022 et

259 1040 478 1126 Hugelinum²
501 1043 683 1107 Ostiensem
706 1041 905 1126 episcopum,
927 1041 1013 1106 viros
1035 1042 1081 1106 uti
1105 1063 1145 1106 ue
1167 1040 1330 1106 industria
1351 1050 1385 1106 et

259 1127 293 1190 in
318 1130 390 1191 enio
419 1125 568 1191 callentes
602 1147 641 1190 ac
674 1126 759 1189 circa
787 1125 852 1189 Dei
884 1123 1050 1190 ecclesiam
1083 1064 1256 1191 devotione
1284 1134 1384 1272 atque

260 1149 415 1295 rehgione
442 1211 641 1296 perspicuos,
672 1211 708 1273 in
739 1220 847 1296 partes
870 1208 1052 1296 Cisalpinos
1081 1209 1199 1275 direxit
1219 1209 1263 1272 ad
1285 1209 1321 1272 in
1334 1231 1384 1273 or·

260 1293 412 1359 mandam
445 1304 477 1358 et
509 1293 761 1359 confirmandam
794 1316 909 1381 paoem
941 1304 974 1360 et
999 1295 1154 1359 unitatem
1183 1302 1295 1360 sancte
1318 1294 1384 1358 Dei

260 1376 404 1460 ecclesie,
443 1399 505 1463 que
541 1401 583 1444 ex
617 1378 815 1444 dissensione
851 1378 989 1443 duorum
1023 1400 1135 1464 regum
1167 1377 1313 1465 Philippi
1350 1388 1385 1444 et

261 1463 391 1528 Ottonis
416 1463 500 1527 inter
526 1461 638 1528 mundi
669 1463 764 1528 huius
797 1462 941 1528 turbines
962 1462 1121 1528 fluctuans
1150 1463 1218 1527 sine
1246 1463 1383 1549 remige,

259 1547 329 1612 sine
350 1556 483 1628 rectore,
509 1547 677 1633 naufragio
704 1548 800 1612 nimis
823 1546 1001 1633 procelloso
1029 1548 1225 1634 iamiamque
1253 1547 1385 1632 pericli·

205 1643 207 1648 ’
259 1632 321 1697 tari
352 1630 531 1698 videbatur.
582 1633 756 1698 Venientes
787 1642 896 1697 autem
927 1633 993 1696 iam
1025 1631 1103 1697 dicti
1135 1631 1315 1696 cardinales
1348 1633 1385 1696 in

284 1727 368 1782 artes
397 1715 585 1798 Galliarum,
612 1716 654 1780 ad
682 1715 868 1802 Philippum
895 1739 1005 1802 regem
1031 1715 1237 1797 diverterunt,
1267 1739 1287 1781 a
1315 1738 1383 1803 quo

258 1739 397 1885 henigne
432 1822 472 1865 ac
504 1800 679 1865 honorilice
710 1801 863 1887 suscepti,
899 1823 957 1886 per
989 1810 1087 1866 totam
1124 1811 1258 1866 estatem
1290 1799 1385 1886 apud

257 1886 365 1971 ipsum
401 1884 692 1950 commorabantur.
751 1884 904 1951 Summus
940 1886 1037 1950 etiam
1070 1884 1286 1972 Aquileiensis
1323 1906 1384 1971 pa-

258 1969 406 2051 triarche,
436 1973 486 2035 vir
506 1971 640 2056 inquam
666 1970 746 2035 mire
775 1969 946 2056 probitatis
973 1980 1006 2034 et
1027 1968 1218 2056 eloquentie,
1248 1990 1383 2033 consur·

258 2075 337 2139 gens
370 2076 413 2119 ex
449 2054 602 2136 adverso,
644 2076 773 2118 murum
806 2075 840 2118 se
870 2054 979 2152 posuit
1010 2076 1069 2152 pro
1107 2053 1202 2118 domo
1232 2053 1383 2133 Domini,

259 2146 410 2224 stansque
438 2140 472 2202 in
501 2137 601 2224 prelio
634 2139 668 2202 in
700 2138 753 2202 die
779 2138 914 2202 Domini
947 2137 1094 2202 simrliter
1126 2148 1158 2204 et
1187 2138 1257 2223 ipse
1289 2139 1384 2223 apud

259 2220 425 2286 dominum
469 2243 564 2320 apam
591 2232 624 2288 et
648 2223 812 2308 predictos
839 2245 931 2307 reges
958 2244 1018 2308 pro
1046 2243 1126 2308 pace
1148 2233 1180 2288 et
1205 2222 1384 2286 concordia

257 2305 384 2392 agenda
415 2245 550 2371 fidehter
575 2306 698 2372 institit
783 2305 956 2371 Heinricus
986 2307 1284 2392 Wirzeburgensisl‘
1313 2308 1382 2394 epi-

259 2410 377 2477 scopus
419 2390 499 2455 obiit
508 2403 531 2455 ⁰.
636 2389 826 2476 Philippusd
869 2392 991 2454 curiam
1020 2393 1098 2456 satis
1142 2390 1300 2457 celebrem
1342 2392 1382 2456 in

142 2494 200 2546 Aue.
211 2496 247 2539 rs.
258 2476 479 2561 assumptione
516 2484 624 2540 sancte
660 2475 761 2540 Marie
797 2474 974 2540 Northusin
1016 2498 1075 2562 per
1117 2475 1185 2540 dies
1220 2475 1380 2562 plurimos

258 2557 382 2641 habuit,
404 2557 462 2623 ubi
483 2568 549 2622 tam
562 2561 632 2645 ipse
655 2582 751 2646 quam
773 2570 805 2625 et
824 2557 901 2624 Otto
920 2583 980 2626 rex
993 2582 1119 2625 necnon
1141 2568 1173 2627 et
1193 2559 1381 2660 patriarcha

259 2665 334 2708 cum
366 2641 583 2708 cardinalibus
612 2642 821 2730 pluribusque
854 2644 917 2709 sibi
949 2646 1077 2710 sociatis
1108 2643 1309 2731 principibus
1336 2642 1379 2709 de

257 2749 339 2814 pace
362 2738 394 2792 et
415 2727 586 2793 concordia
606 2729 642 2792 in
655 2750 755 2812 regno
772 2728 997 2814 componenda
1010 2729 1182 2794 instantius
1196 2728 1376 2813 agebant13

258 2833 371 2876 verum
392 2810 584 2898 quibusdam
607 2814 713 2877 causis
738 2834 851 2898 pacem
879 2811 1105 2894 eximentibus,
1134 2812 1251 2877 infecto
1279 2811 1377 2876 huius

258 2897 306 2962 rei
328 2896 467 2981 negotio,
490 2895 668 2961 discessum
690 2905 747 2978 est,
768 2896 909 2983 indeque
921 2897 1151 2982 Quidilinburg
1172 2897 1378 2980 divertentes,

259 3001 318 3128 pro
340 2979 454 3046 eodem
475 2982 603 3080 negotio
629 2979 765 3047 fideliter
794 3002 925 3066 operam
947 2980 1077 3046 dabant.
1164 2980 1242 3047 Otto
1264 3003 1374 3047 comes

282 3086 300 3129 e
333 3063 444 3130 Gelrin
484 3066 563 3131 obrit
600 3067 630 3130 8.
660 3064 733 3129 Kal.
763 3064 944 3151 Septembr.
1012 3065 1232 3131 Willehelmus
1266 3087 1374 3130 comes

257 3147 444 3214 lubecensis
468 3149 548 3214 obiit
568 3152 597 3215 4.
619 3149 728 3214 Nonas
749 3148 922 3214 Novembr.
1008 3149 1103 3215 Circa
1124 3151 1241 3216 festum
1264 3161 1376 3216 sancte

151 3234 358 3298 aaraLucie
380 3233 467 3320 apud
490 3232 766 3319 Quidilinburgw
788 3232 924 3298 Adolfus
946 3233 1208 3321 archiepiscopus
1230 3257 1251 3299 a
1272 3234 1376 3299 cardi-

94 3324 97 3332 ’
257 3316 384 3382 nalibus
417 3316 474 3381 tali
498 3328 592 3404 pacto
619 3341 639 3382 a
666 3317 773 3382 banno
806 3317 991 3400 absolvitur,
1026 3343 1067 3384 ne
1101 3340 1166 3406 qua
1191 3318 1315 3384 ratione
1341 3319 1376 3383 in

256 3411 374 3467 terram
397 3423 488 3465 suam
510 3424 651 3467 remeare
672 3411 845 3488 presumat,
875 3424 1042 3490 quousque
1064 3405 1208 3468 Romane
1231 3405 1319 3469 curie
1342 3426 1377 3470 se

257 3485 419 3567 exhibeat,
447 3485 601 3551 offensam
624 3486 747 3551 domini
767 3507 851 3572 pape
874 3487 1065 3552 omnimodis
1087 3487 1214 3575 placare
1237 3487 1375 3569 studeat,

258 3571 286 3636 si
306 3569 388 3635 forte
409 3570 586 3635 amicorum
615 3593 745 3636 suorum
772 3568 893 3634 auxilio
922 3593 981 3657 per
1002 3572 1066 3636 Dei
1087 3572 1281 3637 adiutorium
1304 3595 1374 3658 gra-

257 3655 336 3719 tiam
363 3653 506 3719 obtinere
527 3654 642 3719 valeat.
686 3655 794 3718 Bruno
824 3674 952 3753 quoque
980 3659 1152 3742 episcopus
1180 3678 1199 3720 a
1221 3656 1373 3743 Philippo

257 3760 333 3838 rege
361 3738 544 3825 captivitate
571 3737 720 3822 solvitur3
748 3737 892 3802 similiter
917 3748 950 3806 et
982 3740 1052 3826 ipse
1084 3741 1221 3806 Romam
1243 3741 1374 3888 profici-

258 3833 365 3906 scrtur,
398 3822 554 3910 premisso
583 3832 690 3888 tamen
717 3822 939 3888 sacramentali
966 3825 1154 3908 iurament0‚
1177 3846 1241 3912 quo
1287 3827 1374 3890 omni

256 4054 280 4106 a)
296 4055 442 4105 Bugeltmurl
459 4055 507 4096 At.
566 4055 589 4108 b)
606 4057 779 4106 erzenburgls
795 4056 844 4098 Aa.
915 4055 936 4109 c)
953 4056 1071 4100 deradit.
1132 4056 1156 4110 d)
1169 4063 1219 4108 post
1234 4061 1306 4110 suppl.
1323 4060 1373 4102 At.

257 4113 279 4165 e)
296 4115 492 4165 Quindtnltnburg
509 4115 556 4157 At.

259 4300 287 4368 1)
308 4297 348 4367 Of.
369 4298 463 4352 Ohron.
489 4301 623 4370 Urspevp„
645 4298 695 4352 SS.
716 4302 827 4368 XXIII,
842 4322 874 4372 p.
895 4307 957 4356 370.
1033 4305 1061 4371 2)
1089 4303 1162 4356 Οοπι.
1187 4303 1248 4356 ΙΙΙ.
1274 4304 1371 4358 rectius

256 4374 304 4426 boc
323 4371 460 4441 Augustae
471 4374 577 4440 suctum
596 4376 693 4441 resert;
712 4377 747 4441 cf.
767 4376 947 4430 Wehelmoan
965 4377 991 4440 I,
1006 4394 1036 4444 p.
1057 4379 1111 4429 430
1118 4396 1126 4438 ,·
1148 4377 1237 4444 11‚p.
1258 4379 1324 4430 ⁶34.
