2970 4996
272 388 306 438 68
419 389 607 441 CHRONIOA
626 388 739 441 REGIA
759 384 1002 441 conorususls
1022 385 1055 435 Α.
1076 383 1157 435 1131.
1178 382 1258 434 1132.

646 560 812 614 Recensio
833 562 857 612 1.
877 561 972 614 codd.
991 560 1024 612 A.

647 647 743 711 Anno
763 648 898 711 Domini
921 647 1012 712 1131.

343 730 414 796 Rex
446 730 584 795 natalem
613 731 769 796 Dominia
798 730 1071 796 Gauderesheiml
1099 724 1248 793 celebrat.
1299 724 1398 788 Heri·

270 837 405 878 mannus
427 835 544 895 comes,
566 815 714 880 diffidens
736 814 832 880 rebus
854 816 929 896 suis,
952 837 1022 880 sese
1051 835 1116 876 una
1143 833 1219 874 cum
1270 807 1395 873 redicto

271 909 374 963 castro
396 901 548 983 potestati
568 896 653 983 regis
675 899 772 965 tradit
782 912 804 966 ¹.
848 899 952 980 Quem
983 921 1042 964 rex
1062 895 1226 992 custodiae
1242 831 1396 992 deputat,

271 993 412 1047 castrum
436 1004 514 1047 vero
543 981 611 1046 solo
640 991 732 1047 tenus
761 985 860 1048 everti
887 985 1032 1069 imperat.
1118 980 1291 1043 Domrmca
1317 986 1395 1040 ante

146 1087 212 1130 narr.
223 1089 259 1130 aa.
270 1066 410 1132 mediam
432 1067 722 1152 quadragesimam,
748 1067 869 1133 seilicet
899 1069 947 1132 11.
970 1065 1044 1131 Kal.
1066 1062 1197 1151 Aprilis,
1224 1059 1396 1126 celeberri-

270 1173 341 1214 mus
364 1159 539 1215 conventus
560 1151 743 1238 principum
764 1151 801 1216 fit
814 1149 938 1232 Leodii,
961 1151 1078 1214 domno
1101 1145 1278 1233 apostolico
1298 1143 1396 1208 Inno-

271 1235 374 1298 centio
397 1243 429 1299 et
448 1256 524 1320 rege
538 1234 690 1300 Lothario
736 1234 924 1316 resentibus,
946 1233 1121 1299 ubimulta
1135 1242 1202 1296 tam
1217 1229 1257 1293 de
1272 1227 1396 1293 aeccle-

270 1319 405 1383 siasticis
427 1319 568 1403 negociis
591 1341 688 1405 quarn
709 1258 750 1383 de
771 1321 865 1404 regni
886 1318 1074 1384 utilitatibus
1095 1314 1229 1403 provide
1245 1313 1397 1378 ordinata

270 1411 354 1466 sunt.
404 1399 457 1465 Ibi
484 1402 763 1468 Halverstadensis
791 1405 962 1490 episcopus
992 1402 1069 1468 Otto
1099 1401 1237 1480 nomine,
1265 1398 1320 1483 qui
1350 1395 1394 1460 ab

269 1485 413 1549 Honorio
436 1508 521 1571 papa
550 1487 750 1571 quorundam
776 1488 914 1552 faotione
944 1484 1119 1573 episcopali
1145 1483 1250 1546 officio
1278 1480 1395 1565 degra-

269 1569 363 1633 datus
386 1580 462 1650 erat,
484 1571 666 1635 interventu
686 1573 772 1655 regis
795 1582 827 1636 et
847 1573 1032 1670 principum
1059 1568 1156 1632 officii
1186 1567 1236 1630 sui
1262 1564 1395 1651 plenam

157 1675 213 1728 Aps.
223 1677 258 1718 1a.
269 1654 502 1718 restitutionem
528 1654 570 1718 ab
599 1677 618 1718 a
643 1655 775 1719 ostolico
802 1663 989 1740 promerurt.
1074 1653 1146 1717 Rex
1172 1649 1293 1737 pascha
1314 1649 1395 1712 Tre-

269 1738 353 1804 veris
376 1738 524 1804 celebrat.
567 1677 677 1803 Urlsr
699 1741 914 1805 Traiectensis
936 1748 1003 1803 tota
1024 1758 1099 1801 cum
1121 1735 1269 1800 omnibus
1292 1731 1395 1797 eccle-

269 1823 325 1887 siis
346 1822 467 1887 ibidem
489 1825 680 1888 constructis
702 1824 851 1888 incendio
874 1822 1093 1907 conflagravit.
1130 1819 1283 1885 Similiter
1305 1827 1337 1882 et
1358 1819 1396 1880 in

268 1906 339 1970 aliis
362 1905 506 1992 pluribus
531 1905 611 1970 locis
638 1906 739 1972 multa
767 1907 916 1971 incendia
944 1916 1011 1971 tarn
1038 1905 1265 1970 aecclesiarum
1294 1921 1396 1987 quam

268 1989 402 2053 aliarum
425 1990 534 2054 edium
556 1991 641 2054 facta
662 2001 888 2056 memorantur.
958 1990 1143 2054 Fridericus
1159 1987 1227 2051 dux
1242 1985 1395 2051 Alsaciae

269 2074 514 2159 depredationes
541 2074 767 2139 aecclesiarum
794 2076 887 2158 facit3
916 2083 1027 2139 contra
1054 2095 1150 2159 quem
1178 2093 1238 2135 rex
1259 2069 1395 2156 expedi-

176 2175 226 2218 aa
237 2178 257 2218 a.
269 2159 412 2222 tionem<1
440 2167 548 2222 movet
576 2159 662 2222 circa
690 2169 909 2245 pentecosten.
952 2159 1010 2223 Set
1038 2157 1120 2222 duce
1148 2155 1255 2219 locum
1282 2177 1394 2238 pugne

268 2263 333 2305 non
355 2239 460 2323 dante,
482 2264 541 2305 rex
563 2241 718 2327 pleraque
741 2243 870 2308 castella
892 2244 960 2308 eius
979 2242 1067 2327 capit
1089 2251 1121 2306 et
1136 2239 1279 2304 destruit
1323 2239 1395 2302 Fri-

269 2324 396 2390 dericus
412 2324 612 2390 Coloniensis
633 2327 892 2413 archiepiscopus
915 2325 1010 2408 obiit;
1033 2326 1086 2389 cui
1101 2325 1209 2388 Brimo
1225 2323 1393 2386 successit.

342 2409 424 2489 Rex,
447 2409 651 2494 expeditione
673 2423 760 2475 mota
783 2420 894 2476 contra
908 2410 1030 2491 Danos,
1053 2431 1107 2473 eos
1131 2409 1173 2472 ad
1195 2406 1394 2471 deditionem

269 2494 390 2577 coegit3
412 2515 471 2579 pro
495 2495 584 2558 cuius
606 2495 710 2578 gratia
730 2493 932 2581 impetranda
952 2496 974 2556 4
995 2493 1083 2557 milia
1111 2512 1291 2554 marcarum
1320 2512 1395 2576 per-

269 2575 404 2640 solvunt.
442 2575 547 2641 Simili
566 2577 662 2644 modo
678 2599 774 2663 super
787 2578 978 2644 rebellantes
994 2576 1128 2641 Sclavos
1142 2576 1236 2640 irruit
1250 2586 1392 2662 eosque⁶

269 2659 465 2744 subiugavit.

648 2743 743 2808 Anno
763 2745 896 2809 Domini
920 2745 1010 2810 1132.

342 2827 415 2892 Rex
435 2826 574 2891 natalem
588 2827 721 2891 Domini
737 2827 889 2894 Coloniae
911 2827 1060 2895 celebrat.
1097 2827 1148 2891 Ibi
1163 2827 1394 2891 Monasterien-

269 2911 314 2975 sis
347 2913 516 2996 episcopus
550 2911 710 2977 Ecbertus
741 2914 919 2978 infirmatus
953 2912 1039 2988 obiit,
1073 2919 1317 2996 reportatusque
1349 2909 1393 2974 ad

270 2993 381 3059 sedem
402 3018 492 3059 suam
514 2995 688 3059 honorifice
708 2995 899 3079 tumulatur5
923 2998 975 3060 cui
997 2997 1172 3061 Wemerus
1195 2995 1359 3059 suecessit.

603 3122 774 3174 Benenato
794 3122 835 3173 ΙΙ.
855 3123 952 3174 codd.
970 3122 1004 3173 B.
1026 3121 1053 3172 C.

611 3207 641 3270 7.
684 3207 779 3272 Anno
801 3209 935 3272 Domini
960 3211 1049 3273 1131.

343 3296 488 3348 Dominica
513 3303 575 3348 ante
597 3299 713 3349 mediam
740 3301 973 3365 quadragesimam
1000 3301 1041 3350 11.
1062 3298 1123 3348 Kal.
1144 3298 1243 3364 Aprilis
1270 3298 1394 3349 celeber·

270 3372 350 3421 rimus
371 3376 516 3422 conventus
535 3373 685 3437 principum
704 3371 734 3422 fit
752 3372 858 3435 Leodii,
882 3373 978 3424 domno
999 3365 1165 3439 apostolicof
1184 3372 1343 3422 Innocentio
1365 3379 1394 3423 et

270 3459 333 3508 rege
347 3443 475 3494 Lothario
495 3446 672 3510 presentibus.
728 3446 797 3497 Urbs
813 3447 992 3498 Traiectensis
1012 3452 1068 3496 tota
1088 3461 1148 3495 cum
1165 3445 1287 3495 omnibus
1302 3445 1393 3495 eccle·

269 3518 316 3567 siis
335 3517 373 3566 ibi
393 3519 551 3568 constructis
570 3518 696 3568 incendio
716 3520 901 3584 conflagravit.
940 3519 1068 3572 Similiter
1087 3523 1114 3568 et
1134 3519 1161 3568 in
1186 3517 1246 3568 aliis
1270 3518 1392 3583 pluribus

268 3589 337 3640 locis
356 3589 440 3640 multa
455 3590 581 3640 incendia
594 3593 666 3641 facta
682 3597 752 3643 sunt.
783 3594 933 3644 Domnus
946 3593 1100 3643 Fridericus
1115 3590 1283 3642 coloniensis
1303 3594 1392 3642 archi·

270 3663 412 3728 episcopus
433 3662 508 3712 obiit.
735 3664 741 3676 '

342 3735 400 3784 Rex
429 3734 612 3787 Lotharius
642 3737 845 3802 expedicionem
873 3754 953 3805 super
981 3739 1073 3789 Danos
1107 3743 1133 3788 et
1162 3737 1275 3788 Selavos
1307 3739 1392 3788 movit

271 3822 370 3871 eosque
389 3808 527 3872 subegit.

613 3875 642 3939 8.
686 3875 782 3940 Anno
803 3879 937 3959 Domini
961 3879 1051 3942 1132.

342 3971 400 4020 Rex
421 3970 509 4020 natale
531 3971 639 4022 Domini
660 3973 784 4024 Coloniae
807 3975 933 4037 celebrat,
961 3963 994 4024 in
1020 3962 1111 4025 euius
1157 3961 1296 4025 resentla
1317 3983 1391 4045 gra·

269 4041 399 4105 vissime
419 4051 527 4127 partes
549 4041 631 4106 fiunt
651 4045 815 4130 utriusque
838 4045 968 4126 ordinis,
991 4045 1067 4110 cleri
1084 3984 1206 4109 seilicet
1220 4055 1253 4108 et
1266 4043 1391 4131 populi,

271 4201 294 4253 a)
310 4203 365 4242 doest
381 4203 429 4242 Al.
488 4201 512 4254 b)
530 4204 698 4246 Gandoreshtm
714 4207 763 4249 Aa
824 4207 1060 4260 o)rsaperrcr.A1.
1136 4208 1159 4260 d)
1176 4220 1195 4250 c.
1211 4221 1233 4259 p.
1252 4220 1273 4249 e.
1290 4220 1320 4249 m.
1337 4210 1391 4251 ΔΞ.

271 4261 487 4313 squamosas.
519 4261 811 4315 =r)1.ap.Br.oa.

272 4372 300 4441 1)
320 4375 348 4426 d.
367 4376 410 4427 31.
431 4375 495 4428 Dec.
516 4375 587 4430 Ana.
607 4378 739 4445 Drpbesfi,
761 4377 811 4431 SS.
836 4379 882 4443 VI,
898 4397 928 4446 p.
948 4379 1010 4433 538.
