2934 4998
345 381 533 435 DIALOGUS
554 382 705 450 CLERICI
725 383 772 434 ET
790 382 902 436 LAICI.
1119 383 1173 434 317

136 549 291 616 Clericus.
335 549 466 636 Optime
488 573 616 616 mecum
637 551 745 632 sentis,
761 562 793 616 et
806 572 865 614 nos
879 549 984 615 adhuc
999 550 1082 616 bene
1100 572 1174 616 con-

40 636 235 718 cordamus,
256 644 288 699 et
308 636 430 699 utinam
452 635 513 699 hoc
534 636 618 700 inter
645 657 705 700 nos
735 634 791 698 diu
818 634 929 699 duret!
972 634 1036 699 Dic
1065 634 1173 717 michi,

39 732 158 785 utrum
180 720 328 784 dominus
349 717 487 783 Adolfus
516 718 716 786 Coloniensis
745 718 1015 804 archiepiscopus,
1045 719 1173 806 quando

39 805 218 870 dominum
234 803 388 870 Ottonem
404 805 553 868 comitem
567 805 804 870 Pictaviensem
819 804 854 867 in
868 803 1049 867 Romanum
1064 826 1173 890 regem

39 889 156 975 elegit,
178 889 280 970 unxit,
302 887 408 974 adque
429 889 564 970 iuravit,
586 888 673 974 quod
694 890 801 973 ipsum
824 896 935 951 eontra
963 910 1089 953 omnem
1119 887 1174 952 ho·

39 974 172 1038 minem
192 973 302 1037 iuvare
331 972 462 1037 deberet
484 994 636 1037 coronam
658 973 784 1059 imperii
806 973 963 1057 optinere:
984 995 1090 1037 nonne
1111 972 1173 1036 hoc

39 1059 266 1122 iuramentum
287 1056 474 1121 inviolatum
496 1078 623 1122 servare
646 1057 766 1138 debuit,
788 1078 861 1120 cum
890 1054 968 1121 illud
995 1067 1111 1143 sponte
1142 1065 1175 1121 et

41 1165 90 1207 ex
102 1138 395 1289 consilioPfidelium
410 1162 552 1223 suorum,
564 1151 629 1206 tam
641 1141 784 1228 priorum
801 1161 897 1228 quam
909 1152 992 1206 terre
1006 1139 1173 1223 nobilium,

69 1227 227 1291 restiterit

41 1249 68 1313 P
135 1311 264 1374 Laieus.
306 1308 380 1373 Hoc
400 1308 537 1391 videtur,
561 1309 646 1395 quod
669 1331 796 1374 servare
818 1307 939 1374 debuit.

138 1393 291 1460 Clericus.
336 1392 420 1459 Cum
441 1395 557 1458 iterum
580 1393 685 1478 Philip
712 1416 764 1457 um
788 1393 903 1458 ducem
927 1393 1044 1459 Suevie
1066 1393 1174 1458 inRo·

43 1478 244 1568 manlorum]
268 1500 376 1563 regem
398 1475 504 1563 clegit,
526 1479 629 1555 unxit,
657 1417 764 1627 adque
793 1479 922 1557 iuravit,
952 1477 1038 1565 quod
1067 1479 1174 1564 ipsum

45 1572 166 1628 contra
204 1582 330 1627 omnem
370 1561 532 1626 hominem
564 1564 675 1627 iuvare
726 1564 834 1628 eberet
866 1584 1017 1627 coronam
1045 1563 1174 1648 imperii

44 1648 208 1733 optinere,
230 1648 356 1711 vivente
377 1668 454 1731 rege
470 1645 589 1712 Ottone
611 1655 643 1712 et
664 1669 762 1732 regno
785 1646 827 1711 ab
842 1648 913 1734 ipso
928 1669 992 1712 non
1011 1647 1174 1732 resignato

44 1731 339 1878 nequeodeppsito:
360 1751 466 1794 nonne
488 1727 539 1794 vel
559 1733 593 1795 in
613 1741 750 1818 utroque
772 1728 823 1795 vel
842 1733 876 1795 in
898 1729 996 1796 altero
1013 1731 1175 1795 commisit

74 1837 232 1880 errurrum

46 1839 70 1903 p
138 1898 265 1963 Laicus.
307 1899 381 1964 Hoc
402 1909 491 1985 puto,
515 1898 603 1987 quod
623 1900 658 1962 in
679 1898 788 1982 altero,
811 1899 886 1987 quia
906 1899 1076 1985 utrobique
1091 1898 1174 1963 iura-

28 1990 198 2048 mentum
220 2005 347 2048 servare
369 2005 435 2048 non
456 1992 592 2069 poterat.

139 2066 290 2136 Clericus.
345 2068 381 2133 Si
413 2090 489 2154 ergo
521 2068 696 2153 periurium
732 2069 904 2151 commisit,
938 2069 1022 2132 sicut
1051 2066 1175 2132 fateris:

47 2174 160 2216 nonne
182 2173 278 2238 papa,
300 2151 340 2216 de
362 2154 451 2216 cuius
479 2152 698 2218 iurisdictione
725 2151 760 2216 id
785 2161 863 2234 erat,
893 2175 967 2218 eum
996 2173 1093 2237 super
1113 2151 1176 2216 boc

48 2237 169 2323 punire
190 2245 326 2334 poterat,
349 2237 377 2300 si
398 2235 521 2301 voluit?

95 2320 266 2468 nfLamus.
322 2321 452 2387 Poterat
479 2320 627 2408 quidem,
656 2319 713 2385 sed
753 2321 881 2384 nonnisi
909 2321 1095 2385 convictum
1123 2319 1177 2385 vel

50 2427 94 2469 oo
132 2426 249 2469 essum.

141 2487 295 2553 Clericus.
348 2488 462 2552 Nonne
498 2487 663 2553 confessus
696 2497 773 2567 erat,
806 2488 936 2574 quando
969 2511 1027 2574 per
1054 2487 1176 2554 litteras

51 2595 131 2638 suas
153 2582 185 2637 et
204 2573 343 2653 nuntios,
366 2569 602 2658 Capellarium¹
625 2571 774 2637 videlicet
795 2583 826 2638 et
848 2571 938 2657 alios,
966 2595 1010 2660 pa
1034 2596 1051 2638 e
1079 2574 1176 2660 signi-

50 2657 164 2722 ficavit
191 2657 423 2736 necessitatem,
468 2679 511 2721 ua
539 2657 699 2740 inductus,
731 2658 813 2721 sicut
835 2656 973 2737 dicebat,
1030 2659 1175 2744 [ttonem]

51 2763 167 2826 regem
193 2740 379 2806 deseruerat
399 2750 432 2805 et
447 2679 602 2828 lhilippo
624 2740 807 2825 adheserat3
841 2752 872 2805 et
893 2741 980 2828 quod
1002 2742 1106 2806 maius
1128 2751 1178 2806 est

53 2834 88 2891 et
109 2825 321 2890 sufficientius
342 2826 562 2890 testimonium
582 2825 624 2890 ad
646 2826 901 2890 convincendum
921 2825 1060 2912 aliquem
1080 2848 1178 2913 quam

53 2911 189 2996 propria
209 2910 311 2995 ipsius
333 2908 513 2974 confessio?
534 2911 684 2975 Preterea
697 2910 857 2974 notorium
871 2909 933 2976 fuit
970 2911 1034 2975 uod
1048 2910 1177 2986 fecerat,

54 3015 117 3058 nec
138 2992 246 3080 aliqua
265 2991 431 3078 indigebat
453 2996 628 3080 questione,
649 3016 709 3058 nec
724 2995 794 3079 ipse
809 2993 904 3058 hodie
944 2994 1083 3077 ‘fitetur,
1099 2994 1178 3081 quin

57 3077 238 3166 Olttonem]
261 3076 378 3143 habeat
399 3099 458 3163 pro
480 3077 631 3143 derelicto
653 3087 686 3142 et
707 3077 821 3142 ducem
845 3078 962 3142 Suevie
983 3077 1100 3143 habeat
1117 3099 1177 3164 pro

55 3185 150 3249 rege·
172 3163 286 3227 merito
308 3183 385 3246 ergo
406 3184 478 3227 eum
502 3183 589 3248 papa
609 3171 742 3248 propter
760 3162 936 3310 periffim
958 3162 1095 3247 punivit

171 3247 270 3311 aicus.
323 3246 412 3328 Esto,
444 3246 531 3333 quod
556 3248 670 3311 merito
699 3269 816 3331 eump
933 3255 1068 3331 poterat.
1113 3244 1179 3310 Sed

56 3329 112 3394 vel
132 3331 203 3415 ipse
223 3331 274 3394 vel
304 3329 442 3416 delegati
467 3331 508 3396 ab
541 3353 578 3396 ec
606 3330 729 3396 iudices
756 3331 852 3394 nimis
880 3330 1110 3396 festinaverunt
1137 3329 1179 3394 ad

57 3413 145 3480 illius
167 3414 438 3499 dampnationem.

146 3497 298 3563 Clericus.
342 3500 450 3580 Quare
471 3497 532 3562 tibi
553 3498 614 3563 hoc
635 3498 792 3580 videatur,
807 3519 871 3562 non
886 3498 989 3581 video,
1006 3519 1078 3561 cum
1093 3519 1180 3583 papa

58 3583 93 3648 in
115 3581 229 3648 litteris
250 3584 339 3647 suis²
359 3605 433 3647 eum
455 3582 655 3648 mandaverit
668 3583 982 3648 excommunicatum
998 3581 1180 3647 denuntiari

58 3676 92 3732 et
113 3666 291 3751 posthanc
312 3665 585 3732 denuntiationem
606 3667 688 3731 infra
710 3675 846 3754 quatuor
867 3665 1075 3750 ebdomodas,
1091 3666 1118 3731 si
1137 3664 1180 3730 ad

57 3751 168 3837 ipsum
197 3771 262 3815 non
290 3752 466 3829 accederet,
495 3752 565 3837 ipse
598 3749 810 3838 deponeretur
841 3760 873 3816 et
900 3750 982 3815 alius
1010 3751 1044 3814 in
1072 3748 1181 3813 locum

59 3857 156 3900 suum
177 3835 358 3920 eligeretur.
410 3836 526 3900 Nonne
555 3836 631 3900 satis
654 3837 756 3934 spacii
777 3834 1014 3900 deliberationis
1042 3844 1181 3919 quatuor

59 3941 96 3984 se
121 3921 240 3985 timone
254 3921 393 4000 fuerunt,
413 3919 447 3983 in
470 3940 605 4006 quarum
619 3918 732 3984 ultrma
746 3920 773 3983 si
788 3918 892 3984 saltim
907 3920 968 3984 iter
982 3917 1180 4004 amipuisset,

58 4026 82 4067 n
149 4027 181 4067 m
202 4014 280 4088 puto
302 4002 441 4090 amplius
463 4012 652 4068 executores
666 4005 700 4067 in
715 4027 788 4068 eum
803 4003 948 4069 tulissent
969 4001 1182 4068 sententiam?

61 4087 128 4154 Sed
151 4089 227 4174 quia
247 4109 377 4174 prorsus
400 4096 574 4153 contumax
594 4089 741 4153 inventus
770 4099 828 4171 est,
856 4095 888 4153 et
915 4086 1037 4152 iudices
1057 4085 1181 4150 nullam

63 4250 92 4312 1)
113 4250 278 4316 Godefridus
298 4249 468 4317 Capellarius
493 4252 522 4302 in
541 4252 634 4302 aborto
652 4251 741 4318 Adolfi
765 4249 876 4312 dicitur,
895 4249 1001 4302 Moen-
1015 4257 1040 4301 et
1057 4250 1181 4310 Eckerta,

63 4325 191 4387 ‘Quadra’
211 4324 253 4388 ΙΙ,
268 4342 299 4391 p.
315 4327 358 4378 17.
398 4323 427 4392 2)
448 4343 474 4377 o.
495 4325 575 4388 1205,
595 4325 677 4377 Mart.
690 4328 741 4387 13,·
759 4325 882 4389 Btbmer,
902 4325 966 4392 1209.
982 4341 1102 4391 papnr.
1119 4323 1181 4374 180.
