2942 4998
270 343 296 394 X
537 335 726 389 CHRONIOA
745 335 856 388 Reum
877 334 1130 389 COLONIENSIS.

272 510 407 592 copiosa
435 507 630 570 narratione
658 525 690 568 se
720 503 977 585 commendant13
1011 502 1173 568 nonnulla
1205 523 1245 565 ea
1269 501 1391 586 populi

273 615 328 656 ore
338 603 360 674 ²,
387 590 458 655 ulia
481 611 521 654 eu
542 587 757 653 relationibus
784 589 950 670 scriptis³,
980 585 1094 672 quales
1126 597 1202 650 tunc
1234 589 1392 670 temporis

272 676 337 740 late
348 674 639 760 propaqabantar‚
661 674 783 736 hausta
798 681 882 736 sunt.
926 671 1039 819 Neque
1050 673 1172 756 primis
1185 671 1390 736 FriderieiI.

274 762 376 826 annis
402 769 517 824 auctor
544 758 584 822 ab
612 757 778 822 erroribus
805 757 906 835 cavit,
939 777 972 818 se
1025 757 1140 820 uiuida
1168 758 1316 820 oratione
1337 777 1391 819 res

273 855 381 932 pestus
402 844 576 928 eropoeuit⁴
604 851 633 906 et
653 844 795 906 manime
815 841 853 904 in
873 842 921 904 eie
940 849 1089 904 ocreatus
1117 849 1172 920 est,
1202 864 1285 926 quae
1307 840 1408 905 paq„
1459 913 1462 926 Ι

274 929 398 994 ualdus
412 926 643 1006 cancellarius,
661 934 778 1010 postea
793 925 1063 1009 archiepiscopus
1079 923 1291 1006 Golonimsir,
1315 926 1392 1011 eqit,

274 1014 391 1079 litteris
403 1012 443 1077 ab
455 1035 491 1076 eo
502 1013 638 1095 scriptis
650 1010 785 1074 adiutus
793 1019 816 1074 ⁶.
856 1008 917 1073 Ubi
931 1009 1012 1072 tales
1024 1031 1099 1073 vero
1112 1008 1277 1091 deficiunt,
1292 1012 1393 1073 etiam

275 1099 314 1163 de
336 1096 597 1183 enpeditionibus
618 1094 745 1160 Italicis
766 1093 1042 1158 narratiunculae
1069 1094 1215 1158 incertae
1237 1094 1393 1158 eschibett

274 1183 385 1248 Annis
398 1203 474 1247 uero
487 1181 578 1245 1161.
593 1178 930 1244 et1162.Burchardi
944 1180 1069 1242 notarii
1083 1177 1252 1263 epistolam
1263 1187 1393 1258 nactus,

277 1270 316 1333 de
337 1265 527 1331 Mediolano
549 1287 589 1328 esc
615 1273 741 1349 aqnato
753 1261 835 1346 fuse
862 1271 891 1326 et
920 1271 1074 1325 accurate
1101 1261 1219 1346 refert‚·
1243 1287 1274 1326 a.
1299 1263 1393 1327 1161.

276 1355 373 1416 etiam
402 1350 537 1415 Victoris
560 1286 614 1413 ll.
635 1345 806 1432 epistolam
831 1348 957 1411 inserit.
1011 1346 1111 1410 Hunc
1133 1370 1243 1411 ueram
1260 1369 1394 1433 papam
1460 1379 1462 1386 ·

277 1436 381 1517 habet,
395 1433 627 1498 Alemandrum
637 1430 786 1496 Rolandi
802 1431 953 1495 nomine*
971 1440 1176 1516 prosecutus,
1199 1431 1256 1495 sed
1277 1434 1395 1517 aequis

276 1521 358 1584 satis
373 1519 502 1584 uerbie⁸
517 1518 556 1582 de
577 1539 612 1581 eo
633 1517 801 1596 iudicans,
820 1524 849 1578 et
865 1517 1010 1580 animum
1031 1517 1228 1599 imperatori
1244 1538 1395 1599 pronum

277 1625 317 1668 eu
342 1605 475 1670 rimans.
519 1603 610 1666 Haec
627 1602 737 1664 omnia
760 1622 827 1663 uon
850 1599 993 1684 sinpulis
1014 1602 1116 1664 annis
1138 1623 1202 1664 esee
1220 1610 1394 1682 annotata,

276 1627 339 1753 sed
354 1710 420 1753 uno
442 1697 582 1772 tempore
604 1685 804 1769 conscripta,
826 1693 894 1748 tum
917 1683 1048 1748 disertis
1069 1685 1207 1765 verbim,
1229 1695 1297 1748 tum
1318 1688 1395 1749 uni-

275 1795 368 1837 verso
384 1771 554 1836 narrandi
568 1770 662 1835 modo
678 1770 838 1833 docemur.
870 1768 982 1853 Neque
1019 1792 1082 1833 uae
1097 1779 1277 1856 sequuntur
1291 1792 1395 1856 usque
1461 1833 1462 1836 ,

278 1858 323 1921 ad
338 1879 369 1923 a.
387 1857 478 1935 1175,
500 1858 537 1920 in
552 1877 614 1939 quo
637 1855 757 1919 desinit
772 1852 873 1917 codem
887 1853 917 1914 A
934 1854 963 1933 1,
986 1790 1048 1918 ahts·
1063 1856 1192 1918 auctori
1213 1854 1395 1934 tribuerim,
1461 1871 1462 1934 1

277 1944 425 2028 quamuis
439 1941 541 2006 multa
556 1940 684 2004 brevius
700 1939 767 2002 siut
789 1946 933 2000 narrata
955 1946 984 1999 et
998 1959 1038 2000 ea
1051 1946 1179 2002 tantum
1202 1939 1395 2003 accuratius
1459 1947 1462 2004 ὲ

278 2028 439 2110 enposita,
469 2027 525 2090 ubi
547 2023 701 2109 epistolae
729 2021 778 2086 uel
805 2022 939 2085 chartae
960 2032 1097 2107 praesto
1110 2022 1266 2107 fuerunt,
1293 2045 1319 2086 e.
1365 2047 1395 2086 r.
1461 2017 1462 2034 ¹

272 2119 409 2194 pactum
435 2110 661 2173 Romanorum
690 2130 763 2170 cum
783 2106 954 2171 bliderico
983 2108 1180 2192 imperatore
1209 2113 1259 2190 (a.
1283 2045 1396 2190 1167),
1460 2117 1462 2140 ·

276 2217 293 2258 e
319 2192 417 2257 istola
445 2215 555 2256 eorum
584 2190 769 2256 Coloniensi
796 2190 908 2254 archie
933 2193 1044 2277 iscopo
1070 2193 1171 2277 missa
1201 2196 1249 2274 (a.
1274 2191 1396 2274 1172),·

278 2216 350 2341 alia
366 2277 495 2341 breuius
510 2298 550 2339 eac
566 2274 683 2339 auditu
699 2274 806 2338 relata
817 2285 853 2341 ¹⁰.
895 2214 1008 2341 linior
1029 2279 1139 2362 operis
1148 2298 1233 2360 pars
1244 2275 1398 2361 fortasse

277 2363 346 2425 iam
367 2386 394 2425 c.
411 2384 442 2424 a.
459 2361 551 2424 1170.
566 2358 714 2424 absoluta
730 2369 811 2440 erat,
833 2382 896 2443 quo
918 2363 989 2426 eius
1002 2364 1142 2446 uestiqia
1155 2364 1193 2426 in
1204 2359 1398 2425 Annalibus

278 2445 485 2531 Aquensibus
500 2443 738 2529 deprehendere
752 2444 834 2508 mihi
847 2445 1004 2509 uideor11.
1048 2443 1226 2531 Sequentia
1236 2467 1311 2510 nero
1327 2467 1397 2510 non

279 2538 354 2594 ante
375 2552 406 2598 a.
424 2529 515 2596 1176.
538 2531 605 2592 scri
629 2537 664 2591 ta
686 2549 762 2610 esse,
784 2528 881 2593 verba
904 2539 978 2592 ante
1001 2529 1093 2594 1171.
1115 2531 1241 2595 inserta
1264 2529 1398 2595 docent:

597 2551 663 2677 lire
686 2611 806 2696 degens
828 2624 975 2678 ann0s¹².
1021 2611 1167 2688 Quocum
1182 2617 1299 2699 optime
1322 2637 1398 2680 con-

279 2613 335 2700 qui
356 2636 414 2700 per
435 2614 577 2713 quinque
618 2699 624 2713 ¹

277 2699 365 2763 venit
386 2697 477 2763 lectio
497 2701 535 2763 in
550 2700 659 2763 codice
673 2696 705 2760 A
720 2697 739 2759 2
761 2707 900 2777 seruata,
922 2698 980 2762 ubi
994 2699 1033 2762 de
1048 2700 1220 2764 schismate
1243 2698 1398 2764 ecclesiae

279 2784 392 2868 aqitur
414 2789 432 2866 (
433 2806 464 2849 a.
488 2782 569 2848 1156
570 2786 604 2863 ).·
637 2790 670 2846 et
697 2802 800 2867 usque
831 2782 865 2844 in
886 2780 969 2845 hanc
1001 2781 1088 2846 diem
1109 2781 1204 2847 huius
1236 2784 1399 2848 scismatis

279 2962 309 3032 1)
330 2961 371 3030 ί).
396 2981 464 3030 quae
488 2962 629 3017 Lehmann
646 2981 677 3030 p.
703 2965 739 3013 30
764 2981 819 3029 sqq.
846 2963 966 3028 ceponii
990 2980 1071 3030 eoque
1090 2965 1250 3032 praesertim
1273 2965 1340 3016 duce
1364 2963 1399 3016 in

278 3039 347 3088 notis
366 3036 451 3090 anuli.
526 3036 555 3102 2)
569 3037 630 3087 Huc
641 3037 741 3102 procul
758 3037 838 3089 dubio
847 3035 981 3102 pertinent
1000 3055 1069 3103 quae
1089 3057 1115 3091 a.
1137 3041 1215 3092 1140.
1237 3039 1271 3091 de
1281 3039 1399 3104 semissis
1457 3043 1458 3048 ’

285 3110 537 3176 Weinsberqensibue
568 3111 731 3175 referuntur.
783 3110 822 3176 Qf.
844 3110 926 3162 oerba
955 3128 981 3161 a.
1009 3113 1094 3163 1142:
1126 3114 1253 3180 prudenti
1277 3119 1305 3164 et
1328 3115 1399 3164 setis

278 3187 431 3237 necessario
451 3186 522 3236 omni
535 3200 618 3250 regno
631 3200 695 3236 usus
709 3185 829 3246 consilio,
849 3201 902 3252 quo
916 3185 1106 3238 animadvertit
1123 3203 1202 3254 posse
1222 3203 1276 3238 una
1293 3187 1399 3237 femina

278 3258 423 3327 pacificare
442 3260 540 3310 omnia.
577 3257 653 3308 Idem
678 3258 812 3326 inperium
837 3265 860 3309 et
884 3257 995 3310 similem
1011 3261 1147 3312 narrandi
1169 3261 1275 3312 modum
1301 3260 1399 3326 depre-

278 3332 376 3386 hendes
394 3330 424 3383 in
442 3331 615 3398 descriptione
633 3330 806 3398 enpeditionis
825 3331 854 3382 in
878 3331 986 3383 Terram
1006 3330 1133 3385 Sanctam
1153 3352 1172 3385 a
1191 3333 1314 3386 Conrado
1333 3349 1399 3400 repe

279 3425 304 3459 a.
317 3406 396 3458 1148.
409 3415 552 3472 susceptae.
610 3405 639 3470 3)
659 3422 685 3456 a.
698 3405 777 3456 1147.
791 3405 824 3457 de
839 3403 982 3457 Uliuibona
996 3415 1085 3471 capta.
1142 3407 1172 3476 4)
1186 3408 1301 3474 Saepius
1316 3424 1399 3457 roca-

279 3481 339 3532 bulo
359 3497 425 3531 ecce
443 3495 508 3530 usus
527 3484 573 3542 est,
598 3483 628 3528 ut
648 3478 685 3529 ad
703 3495 736 3530 ea
755 3495 823 3543 quae
842 3488 989 3545 sequuntur
1012 3479 1137 3531 attentius
1158 3482 1270 3549 teqenda
1287 3480 1398 3542 inritet,-

280 3573 306 3606 a.
329 3555 407 3606 1155.
429 3553 514 3613 1158‚·
533 3569 560 3604 a.
583 3551 661 3603 1166.
679 3549 863 3617 imperatorem
881 3553 1025 3617 hequentem
1043 3553 1155 3606 inducit.
1216 3555 1245 3620 ὃ)
1264 3571 1291 3607 a.
1312 3553 1396 3606 1168.
1455 3585 1456 3602 2

279 3627 310 3695 6)
330 3624 370 3692 6).
390 3643 417 3676 a.
440 3623 518 3676 1159.
540 3624 620 3675 1160.
700 3623 729 3690 7)
748 3623 833 3676 Aliter
856 3626 914 3677 cod.
933 3625 984 3676 Al
1004 3644 1030 3679 a.
1052 3629 1132 3679 1164.
1153 3629 1240 3690 117ος
1264 3628 1312 3679 sed
1331 3627 1399 3678 haec

279 3701 344 3767 quin
366 3708 460 3765 postea
483 3703 586 3750 mutua
611 3697 673 3760 emt,
704 3715 759 3749 non
784 3707 821 3750 eet
845 3699 915 3764 quod
940 3699 1098 3752 dubitemus.
1210 3700 1239 3769 8)
1259 3719 1285 3752 a.
1308 3701 1396 3750 1161:

277 3773 459 3826 Alexandrum
489 3788 537 3838 pro
561 3770 718 3838 apostolico,
752 3773 844 3823 nescio
869 3789 904 3823 sn
928 3773 990 3824 odio
1015 3776 1185 3842 imperatoris
1211 3793 1245 3825 sn
1269 3781 1397 3843 respectu

277 3849 402 3898 iusticias
426 3845 593 3899 excolebant.
668 3844 696 3908 9)
715 3862 742 3896 a.
764 3846 848 3896 1158:
874 3862 921 3913 per
946 3848 1088 3900 triennium
1113 3852 1141 3902 in
1166 3850 1308 3902 obsidione
1329 3889 1335 3900 .
1356 3887 1364 3900 .
1387 3884 1396 3899 .

277 3921 428 3983 insudavit3
448 3937 474 3972 a.
496 3918 575 3970 1163.
590 3927 717 3971 memorat
735 3936 804 3985 quae
823 3936 849 3970 a.
865 3921 944 3972 1165.
955 3929 1030 3987 qesta
1049 3932 1119 3976 eunt.
1196 3923 1243 3989 10)
1263 3941 1289 3974 a.
1307 3923 1395 3972 1177:

278 3996 348 4046 sicut
367 4010 384 4045 e
403 3993 525 4044 fidelibus
544 3993 692 4059 peregrinis
717 3993 830 4045 relatum
850 4000 898 4045 est.
975 3996 1021 4060 11)
1042 3995 1091 4049 SS.
1108 3996 1211 4061 XXIV,
1232 4014 1263 4062 p.
1283 3997 1328 4047 33.
1349 3995 1396 4047 88.

279 4066 310 4118 Si
336 4069 413 4119 aliter
437 4075 548 4130 statuae,
577 4067 643 4119 haec
666 4067 710 4119 rel
733 4083 765 4118 ea
788 4065 918 4118 communi
933 4068 1013 4134 fonte
1035 4072 1078 4122 uel
1102 4087 1134 4122 eu
1157 4070 1224 4137 ipsis
1242 4069 1396 4121 Annalibus

278 4139 445 4206 Aquensibue
464 4158 482 4190 a
501 4139 645 4192 chronicae
663 4141 753 4207 reqiae
772 4149 878 4192 auctore
897 4148 985 4193 sumta
1003 4140 1065 4206 sint,
1085 4152 1193 4212 oportet.
1286 4143 1331 4209 12)
1352 4144 1397 4194 De

280 4213 429 4266 Christiano
449 4213 644 4280 archiepiscopo
656 4214 812 4281 Mequntino
824 4231 907 4266 sermo
927 4220 972 4266 eet.
1010 4214 1046 4266 In
1065 4216 1261 4270 continuatione
1274 4235 1299 4268 a.
1313 4216 1395 4268 1183.

277 4294 345 4340 recte
364 4286 475 4339 dicitur:
494 4305 543 4355 per
557 4289 588 4336 11
603 4290 659 4339 fere
679 4303 772 4350 annos,
790 4305 873 4354 qnare
892 4287 939 4340 hu
958 4305 1097 4341 numerum
1106 4292 1227 4344 mutauit.
1254 4291 1394 4358 0s.1172:

278 4363 427 4415 Innumeris
446 4377 530 4429 usque
549 4361 629 4413 hodie
648 4361 747 4413 talibus
766 4377 815 4428 per
833 4362 959 4428 Angliam
978 4362 1065 4430 fulget
1083 4365 1227 4418 miraculis.
