2942 4998
296 373 330 424 42
486 369 672 424 CHRONICA
692 370 805 423 REGIA
825 369 1064 423 COLONIENSIS
1084 371 1115 421 Α.
1138 371 1217 422 1106.

236 556 286 596 aas.
369 545 475 597 Delatis
493 546 575 609 igitur
594 559 683 595 coram
702 561 766 611 rege
787 547 943 612 cunctisque
963 548 1043 597 totius
1063 547 1221 597 Germaniae
1240 547 1420 613 optimatibus

297 625 324 671 et
341 618 491 686 presulibus
511 619 636 684 omnique
657 617 729 670 clero
749 617 828 670 simul
842 624 869 668 et
880 619 978 686 populo
995 620 1174 684 legationibus
1187 621 1327 671 Romanae
1342 621 1419 673 sedis

296 709 375 760 super
394 692 568 743 ecclesiarum
586 693 663 758 regni
682 694 759 744 istius
779 693 1019 744 commaculatione
1039 693 1145 745 diversa
1165 699 1191 744 et
1205 695 1371 758 inveterata,
1393 701 1420 745 et

297 773 405 818 econtra
432 764 619 817 emendatione
645 765 678 816 ab
707 767 838 817 universis
865 767 1026 817 unanimiter
1053 769 1197 833 promissa,
1227 766 1332 833 placuit
1363 773 1418 818 tum

295 843 353 905 regi
367 855 446 906 quam
465 839 624 905 primoribus
644 837 678 888 ad
704 843 824 891 sanctam
850 845 960 890 matrem
982 841 1130 892 Romanam
1156 839 1301 891 ecclesiam
1326 846 1419 892 tantos

295 929 328 964 ac
356 913 425 964 tales
450 928 466 962 a
490 913 610 979 partibus
634 913 693 963 istis
716 913 822 977 legatos
848 915 998 976 transmitti,
1028 914 1073 979 qui
1103 918 1130 964 et
1157 912 1190 963 de
1219 914 1336 965 obiectis
1368 916 1418 965 rita

295 988 424 1038 rationem
453 985 566 1036 reddere
595 991 621 1035 et
650 985 683 1036 de
707 986 817 1038 incertis
840 987 976 1050 sagaciter
999 987 1163 1051 investigare
1191 1001 1223 1038 ac
1249 1002 1300 1053 per
1326 989 1418 1039 omnia
1462 977 1463 990 ¹

295 1059 455 1111 utilitatibus
475 1058 665 1110 ecclesiasticis
684 1061 819 1125 sapienter
838 1059 976 1110 consulere
995 1060 1049 1110 sint
1065 1059 1165 1110 idonei.
1204 1061 1375 1126 Separantur
1392 1063 1419 1110 in

295 1134 428 1200 hocopus
442 1133 493 1182 viri
511 1133 605 1198 spiritu
624 1133 772 1197 sapientiae
792 1131 873 1198 pleni,
894 1133 1076 1198 dignitatibus,
1090 1133 1224 1184 natalibus
1238 1139 1265 1183 et
1279 1131 1419 1200 elegantis

297 1223 344 1258 seu
364 1207 464 1257 divitiis
483 1207 604 1272 precipui
622 1203 749 1271 nullaque
768 1205 914 1257 secundum
928 1207 1016 1256 Deum
1036 1207 1092 1258 sive
1109 1206 1227 1258 seculum
1239 1209 1417 1259 veneratione

296 1279 413 1344 indigni:
439 1295 455 1328 s
477 1279 652 1344 Lothoringia
676 1279 765 1330 Bruno
791 1280 964 1343 Trevirensis,
989 1295 1006 1328 a
1029 1280 1146 1331 Saxonis
1165 1281 1301 1330 Henricus
1322 1281 1417 1332 Made·

296 1353 444 1418 burgensis,
465 1353 609 1402 sFrancia
622 1352 685 1405 Otto
699 1352 940 1418 Bavenbergensis,
960 1369 976 1403 a
992 1353 1118 1404 Baioaria
1136 1353 1336 1405 Everhardus⁸
1351 1356 1416 1405 Hei-

298 1427 431 1488 stutensis,
456 1425 489 1476 ab
512 1425 663 1476 Allemanis
681 1425 856 1478 Gevehardus
877 1427 1097 1490 constantiensis,
1124 1443 1140 1476 a
1159 1427 1321 1493 Burgundio
1343 1428 1418 1479 Curi-

298 1501 378 1563 ensis,
396 1498 517 1550 nonnulli
538 1501 618 1550 etiarn
638 1497 741 1550 nobiles
762 1499 796 1549 de
815 1499 899 1552 latere
919 1501 990 1566 regis
1009 1500 1096 1551 laicae
1121 1500 1309 1567 professionis3
1337 1501 1418 1568 idque

297 1574 365 1623 inter
385 1578 474 1623 cetera
493 1574 642 1638 suscipiunt
662 1574 689 1622 in
709 1572 850 1638 mandatis,
869 1580 907 1637 ut,
927 1575 949 1625 si
968 1572 1025 1623 fleri
1044 1574 1137 1640 possit,
1157 1574 1247 1624 domni
1273 1575 1419 1641 apostolici

296 1648 459 1712 presentiam
479 1645 622 1714 cisalpinis
641 1647 767 1713 partibus-
780 1649 922 1714 impetrent
941 1646 1069 1698 exhiberi.

297 1819 320 1870 a)
336 1820 469 1861 Eutherius
486 1821 528 1862 01.
