2970 4996
202 406 389 461 canumet
407 407 520 460 unum
540 407 783 462 OOLONIENSIS
803 406 935 457 Δ.1166.
956 405 1035 456 1167.
1154 404 1189 455 93

436 581 609 635 Recenaio
628 583 653 633 I.
673 580 767 635 codd.
787 579 820 632 A.

143 665 330 766 Arnoldus⁸
353 665 552 768 Ooloniensis
573 667 832 767 archiepiscopus
855 665 948 747 obiit3
978 665 1030 727 cui
1052 663 1190 728 Frideri-

58 773 133 834 ωδ,
145 752 470 902 liidiiisitdisssdnoiid
487 751 937 922 idicirgpliipdiiicdtssdomnum
964 832 1190 918 imperatorem

60 920 169 984 oritur
177 933 200 984 ².
244 919 328 984 Nam
353 941 439 1006 papa
468 919 631 1006 quondam
656 919 861 984 Innocentius
888 918 1010 982 Romae
1037 917 1071 979 in
1096 937 1189 979 muro

61 1005 159 1089 pingi
180 1005 300 1070 fecerat
321 1027 354 1069 se
377 1005 469 1090 quasi
490 1006 524 1068 in
545 1004 659 1070 throno
675 1002 850 1089 pontificali
865 1001 1037 1081 sedentem,
1052 1001 1189 1084 impera-

62 1097 170 1153 torem
192 1110 269 1154 vero
287 1088 476 1154 Lotharium
490 1088 689 1174 complicatis
710 1086 859 1152 manibus
881 1106 988 1149 coram
1004 1107 1038 1149 se
1059 1083 1190 1148 inclina-

410 1270 582 1322 Beceasa'o
600 1268 642 1320 ΙΙ.
662 1269 757 1321 codd.
776 1269 809 1320 B.
831 1267 858 1319 0.

375 1358 427 1422 6.¹‘
450 1355 546 1419 Anno
567 1355 700 1418 Domini
724 1355 852 1418 noth*

145 1436 297 1502 Domnus
309 1429 471 1505 Arnoldus
486 1439 746 1525 archiepiscopus
763 1438 873 1504 obiita
906 1437 1033 1503 Deinde
1048 1436 1190 1523 generali

66 1520 227 1608 electione
248 1521 352 1587 clerus
375 1534 407 1589 et
427 1523 566 1610 populus
588 1521 705 1603 habita,
726 1523 820 1608 gravi
841 1522 980 1607 partium
1004 1522 1191 1586 scissiones

66 1606 265 1670 seinvicem
287 1607 483 1689 dividuntur,
506 1618 537 1673 et
558 1629 623 1671 una
644 1629 718 1692 pars
740 1604 966 1670 Gerhardum⁰
986 1607 1191 1671 Bonnensem

66 1709 127 1776 pre
152 1692 282 1772 ositum,
315 1689 414 1757 altera
449 1692 650 1756 Fridericum
678 1691 877 1777 prepositum
911 1689 1021 1754 Sancti
1056 1690 1191 1775 Georgii

64 1795 128 1838 acc
196 1774 281 1839 ando
302 1777 454 1840 variatur.
499 1775 563 1841 Sed
585 1776 744 1860 utrimque
772 1775 954 1839 iusticiam¹l
981 1775 1082 1859 partis
1113 1796 1191 1839 suae

65 1857 284 1940 defensantes,
306 1881 380 1924 cum
402 1881 520 1946 magna
540 1860 742 1924 animositate
764 1880 823 1945 pro
845 1858 1085 1922 confirmatione
1100 1867 1132 1922 et
1144 1860 1191 1922 in·

65 1944 227 2007 vestitura
249 1942 423 2008 electorum
444 1946 548 2030 primo
571 1944 658 2029 apud
678 1941 894 2029 Nirinberg0,
916 1953 1078 2029 postremo
1103 1942 1192 2029 apud
1268 2001 1271 2008 .

67 2025 322 2112 Radasponam⁴
344 2029 386 2094 ad
407 2027 603 2092 audientiam
625 2025 824 2113 imperialem
846 2036 879 2091 et
899 2028 1085 2114 principum
1095 2027 1192 2112 profi-

67 2111 250 2194 cisountur3
286 2111 342 2176 ubi
370 2112 498 2178 tandem
537 2111 700 2176 voluntate
730 2122 768 2193 ‚et
796 2110 915 2176 iudicio
946 2111 1083 2198 imperii,
1115 2111 1194 2176 dum

66 2204 179 2280 partes
190 2217 257 2258 non
271 2197 475 2278 conveniunt,
486 2196 671 2261 Friderious
682 2196 876 2277 investimus,
890 2194 1029 2281 indeque
1042 2196 1192 2261 continuo

69 2300 145 2342 cum
168 2281 235 2342 suis
259 2277 448 2364 electoribus
471 2280 652 2366 digrediens
667 2280 867 2365 Romamque
882 2280 1023 2361 veniens,
1040 2283 1060 2343 a
1074 2280 1193 2344 domno

67 2363 218 2427 Adriano
247 2365 281 2426 in
308 2365 584 2452 arehiepiscopum
612 2372 847 2428 consecratum.
897 2365 975 2427 Post
1003 2363 1063 2427 hoc
1096 2365 1193 2428 etiam

68 2457 208 2534 accepto
229 2445 336 2534 pallio,
358 2451 432 2514 cum
454 2471 580 2513 summo
602 2470 732 2512 suorum
748 2447 889 2533 tripudio
906 2446 1073 2514 Coloniam
1088 2470 1193 2533 regre-

67 2531 174 2610 diens,
195 2534 231 2596 in
250 2533 341 2597 brevi
364 2545 503 2599 castrum
523 2531 783 2598 Randenrodess‘⁰
810 2532 852 2597 ad
873 2531 1015 2597 favorem
1035 2531 1193 2597 (ilozuini¹¹

67 2615 110 2680 de
131 2615 385 2702 Heismesbergi
407 2627 439 2683 et
464 2618 614 2682 iniuriam
636 2616 831 2701 Harpernik,
854 2617 997 2680 eiusdem
1028 2616 1123 2680 castri
1145 2627 1193 2680 tu-

66 2701 160 2782 toris,
184 2701 310 2767 obsidet
331 2712 363 2767 et
384 2702 495 2786 deicit3
519 2701 605 2788 quod
626 2698 832 2786 postmodum
846 2700 880 2763 in
895 2699 1007 2766 melius
1026 2701 1194 2766 restruitur

67 2793 101 2848 et
123 2783 261 2850 firmiori
281 2785 365 2850 vallo
388 2787 613 2852 circumdatur.

149 2869 304 2934 *Eodem
324 2878 470 2956 tempore
490 2871 573 2936 inter
600 2868 754 2933 domnum
782 2867 992 2954 apostolieum
1013 2866 1194 2932 Adrianum

67 2961 170 3039 atque
191 2954 417 3041 imperatorem
438 2954 640 3019 Fridericum
661 2975 775 3038 graves
798 2953 1032 3017 controversiae
1048 2953 1123 3015 oriri
1145 2974 1195 3016 ce·

68 3046 201 3121 perunt,
224 3060 306 3125 quae
327 3038 511 3104 huiusmodi
532 3059 663 3102 causam
684 3035 833 3101 habuisse
848 3036 1003 3102 feruntur.
1031 3037 1121 3122 Papa
1142 3036 1194 3099 In-
1250 3062 1252 3067 ·

67 3122 253 3205 nocentius,
275 3123 359 3188 eius¹
381 3125 519 3188 nominis
547 3120 716 3203 secundus,
738 3121 840 3184 Rome
863 3121 1025 3205 quondam
1047 3120 1080 3182 in
1101 3141 1193 3185 muro

67 3205 166 3290 pingi
185 3205 306 3272 fecerat
326 3231 360 3272 se
380 3209 489 3295 ipsum
511 3207 603 3293 quasi
625 3207 659 3269 in
672 3204 757 3294 ,sede
784 3203 961 3290 pontificali
989 3203 1191 3278 residentem,

69 3291 118 3351 im
142 3300 301 3356 oratorem
322 3315 398 3357 vero
420 3291 609 3357 Lotharium
632 3288 832 3376 complicatis
855 3287 1004 3353 manibus
1027 3309 1135 3352 coram
1158 3310 1192 3353 se

70 3374 126 3436 inc
141 3374 275 3458 natum,
296 3397 447 3441 coronam
468 3375 595 3461 imperii
616 3375 854 3460 suscipientem.
890 3372 1038 3437 Accessit
1058 3372 1143 3454 huic,
1166 3373 1194 3435 si

70 3533 226 3588 turnultus
243 3539 463 3591 depompatae.
489 3555 518 3575 =
547 3539 571 3592 b)
588 3542 609 3583 6.
626 3540 667 3581 01.
711 3533 745 3590 b⁸)
760 3543 810 3587 poet
825 3549 883 3580 corr.
901 3539 965 3580 1166.
988 3537 1033 3578 02.
1073 3536 1094 3588 o)
1111 3536 1194 3578 Gerar·

71 3595 128 3635 dnm
147 3595 188 3640 01.
260 3597 283 3650 d)
307 3611 329 3640 u.
344 3598 434 3650 partem
457 3609 523 3640 snam
539 3599 580 3640 61,
664 3594 686 3648 e)
703 3586 832 3647 Riirinberg
848 3597 891 3639 01.
967 3595 1123 3648 otnveatttus
1139 3597 1194 3638 inde

72 3665 94 3694 c.
112 3654 156 3696 cr.
217 3657 241 3706 ς)
257 3658 397 3699 &aaaron
412 3660 453 3700 ca.
499 3656 525 3710 n)
542 3658 646 3700 ooswrnr
662 3658 708 3707 om
725 3659 831 3701 coruunt
847 3656 888 3696 or.
934 3654 988 3710 qo.
1005 3646 1135 3705 attinuere
1152 3656 1194 3698 or.

72 3711 99 3765 k)
116 3717 234 3767 Narpernt
251 3718 294 3761 01.
325 3717 344 3770 1)
361 3721 465 3761 eiusdem
482 3717 525 3760 01,

77 3868 107 3938 1)
127 3869 205 3931 Quae
225 3879 372 3936 sequuntur
390 3868 510 3936 quamvis
530 3886 556 3922 a.
569 3869 649 3920 1166.
670 3868 774 3932 addita,
794 3885 848 3919 aon
863 3873 918 3918 tam
936 3865 1015 3918 halaa
1035 3865 1102 3916 anai
1116 3883 1196 3932 quam

77 3942 204 4011 longioris
223 3944 348 4010 temporis
367 3943 504 3995 historiam
525 3943 663 4005 continere,
678 3949 765 4009 patet.
805 3940 904 3991 Auctor
923 3937 1194 3992 secundari-eventio-

75 4017 117 4066 πίε
130 4017 196 4070 ltcac
204 4019 309 4083 partim
323 4017 400 4070 aliter
413 4015 550 4082 dispecuit,
559 4014 662 4082 partim
675 4015 769 4069 omum.
793 4014 823 4079 2)
838 4012 878 4079 ty.
894 4011 974 4064 Geato
986 4011 1064 4065 Frid.
1074 4010 1134 4075 III,
1152 4012 1196 4062 10.

77 4087 108 4156 3)
128 4108 153 4142 o.
183 4091 265 4143 1166.
343 4092 374 4158 4)
394 4108 419 4141 a.
441 4091 522 4150 1166,
542 4087 629 4154 Sept.,·
653 4089 687 4153 of.
711 4087 767 4139 Otto
787 4087 859 4140 Fris.
885 4087 966 4139 Gesta
990 4085 1068 4136 Frid.
1087 4084 1130 4146 II,
1151 4087 1195 4148 32,

82 4161 133 4214 SS.
153 4163 216 4226 XX,
234 4183 264 4232 ρ.
284 4164 348 4216 416.
392 4163 422 4230 6)
443 4161 484 4230 Qf
497 4161 553 4215 oar.
577 4163 602 4213 Ι.
624 4161 882 4228 archiepiscoporum
902 4159 999 4224 Colum,
1019 4157 1071 4210 SS.
1090 4157 1196 4223 XXIV,

77 4253 109 4304 p.
120 4238 183 4302 342,
197 4255 274 4305 quem
288 4239 335 4290 doc
347 4236 484 4290 chronicae
495 4239 548 4289 loco
567 4253 646 4288 uram
655 4252 710 4288 eoae
720 4234 869 4302 negauerim
876 4253 885 4297 ,·
896 4235 929 4300 cs.
940 4231 1085 4300 Platnerp.
1096 4247 1159 4287 xm
1167 4249 1195 4284 a.

78 4315 106 4376 6)
126 4310 297 4376 Butades-att,
319 4329 406 4379 prope
425 4310 583 4378 Heinaberg.
