2924 5006
263 441 315 494 154
360 443 548 496 CHRONIOA
567 442 681 494 asum
701 440 954 494 COLONIENSIS.
974 397 1078 494 CONT.
1097 439 1130 492 A.
1144 438 1223 491 1191.
1237 439 1320 492 1192.

262 610 380 674 tinetur
401 618 433 674 et
453 608 613 674 incolitur.
658 605 781 694 Captus
814 608 916 672 estin
946 631 985 674 ea
1007 609 1138 691 OarcuS,
1160 608 1257 673 homo
1279 609 1388 672 mirae

261 693 468 778 antiquitatis,
506 695 551 758 ita
579 703 616 758 ut
643 700 675 756 et
711 700 854 778 tempore
885 693 1052 758 victoriosi
1088 693 1179 757 ducis
1214 691 1391 758 Godefridi

262 779 405 843 extitisse
430 776 599 842 diceretur.
642 777 707 841 Hic
736 784 804 840 erat
836 775 1035 841 consiliarius
1059 776 1204 842 Saladini
1232 775 1392 841 multum-

262 883 323 949 que
346 871 495 946 acceptus
522 863 556 924 in
583 862 650 926 eius
678 860 776 941 curia,
810 862 962 946 quoniam
991 860 1179 946 productior
1207 869 1275 924 etas
1302 859 1392 924 mul-

260 953 365 1010 tarum
386 967 493 1009 rerum
516 954 548 1010 et
568 946 684 1010 artium
705 943 936 1030 experientiam
958 945 988 1009 ei
1009 945 1183 1010 intriverat.

663 1033 827 1086 Rcceaaio
846 1033 870 1087 I.
890 1042 914 1086 et
933 1034 975 1085 II.

418 1101 494 1190 [ΞΛ]
539 1100 634 1166 Anno
655 1101 883 1164 incarnationis
905 1101 1084 1166 dominicae
1108 1102 1220 1166 119211

345 1185 548 1271 Imperator*
569 1183 693 1250 natale⁰
715 1183 849 1248 Domini
870 1186 904 1247 in
926 1184 1046 1250 Suesia
1067 1184 1154 1270 apud
1171 1184 1395 1270 Hagenowe¹l

154 1293 206 1334 ran.
217 1293 252 1336 rs.
263 1267 407 1334 celebrat.
460 1269 499 1332 In
531 1279 645 1333 octava
677 1266 868 1354 epiphaniae
891 1270 1013 1334 curiam
1039 1268 1237 1334 Wormatiae
1259 1269 1391 1351 habuit,

600 1395 762 1448 Rececsio
782 1396 823 1448 H.
844 1397 936 1448 codd.
955 1397 990 1449 Β.
1011 1395 1038 1449 O.

262 1483 427 1526 murorum
460 1471 617 1545 statuunt,
653 1469 836 1546 sarmenta,
873 1463 1006 1550 stipulas
1041 1474 1073 1528 et
1104 1464 1195 1528 arida
1225 1464 1316 1563 ligna
1355 1474 1394 1530 et

263 1547 369 1610 omnia
404 1546 545 1612 fomenta
579 1548 664 1632 ignis
701 1547 877 1613 conferunt.
920 1549 999 1613 Post
1025 1547 1086 1612 hec
1114 1550 1124 1612 i
1149 1549 1197 1612 nis
1226 1550 1391 1613 inmissus

261 1651 380 1715 magno
402 1653 417 1694 s
441 1633 576 1696 iramine
603 1632 784 1713 suscitatur,
817 1633 894 1717 quie
946 1641 1045 1714 ostes,
1079 1571 1186 1698 trabes
1215 1642 1247 1696 et
1274 1633 1392 1698 omnia

261 1712 349 1799 ligna
375 1654 540 1801 subposita
566 1719 600 1779 in
630 1715 770 1780 cinerem
798 1655 943 1805 redegitl).
987 1717 1099 1780 Murus
1128 1717 1226 1782 etiam
1251 1720 1286 1780 in
1307 1737 1390 1780 con-

262 1822 277 1863 s
302 1809 375 1863 ectu
401 1801 505 1864 tocius
528 1799 639 1885 populi
662 1821 822 1881 corruens,
844 1799 1003 1885 fragorem
1024 1801 1204 1864 maximum
1230 1799 1388 1866 reddidit.

260 1821 359 1947 'riurei
385 1907 471 1965 vero,
498 1882 681 1950 defensores
709 1883 856 1967 civitatis,
890 1883 932 1948 ad
959 1886 1085 1948 ruinam
1114 1885 1198 1948 muri
1219 1885 1388 1969 perterriti

260 1977 292 2032 et
325 1966 422 2052 longa
457 1968 624 2033 obsidione
658 1966 800 2052 fatigati,
843 1967 1080 2033 considerantes
1114 1990 1148 2033 se
1183 1989 1249 2032 non
1285 1991 1387 2055 posse

262 2050 397 2118 evadere
419 2073 479 2116 neo
502 2052 664 2116 civitatem
687 2051 815 2115 diucius
843 2053 936 2132 tueri,
967 2051 1007 2115 de
1028 2052 1096 2116 vita
1118 2062 1150 2116 et
1171 2053 1385 2119 menbrorum

262 2134 363 2208 salute
378 2145 559 2221 precantur,
581 2134 644 2199 sibi
665 2135 755 2220 parci
770 2134 811 2199 ab
827 2137 972 2200 exercitu
993 2135 1168 2200 christiano
1191 2135 1382 2221 deposcunt,

262 2217 368 2283 claves
389 2219 478 2284 urbis
500 2218 634 2284 reddere
655 2220 690 2282 in
703 2241 819 2283 manus
833 2220 1016 2318 principum
1031 2219 1231 2305 pollicentur.
1275 2221 1384 2305 Igitur
1460 2273 1461 2306 ,

261 2301 393 2368 consilio
420 2305 614 2388 interreges
637 2313 669 2368 et
690 2304 852 2390 principes
874 2303 993 2386 hab1to,
1021 2302 1077 2367 tali
1103 2304 1285 2370 conditione
1307 2327 1383 2370 con·
1460 2351 1461 2358 κ

260 2387 415 2453 sentiunt:
444 2396 479 2452 ut
507 2386 682 2452 incolumes
710 2409 753 2452 ex
774 2389 901 2452 civitate
925 2387 1093 2476 [exeantf],
1122 2389 1155 2451 in
1184 2388 1381 2454 deditionem

262 2471 507 2537 christianorum
537 2473 678 2553 veniant,
714 2473 849 2536 nuncios
881 2471 923 2535 ad
953 2469 1140 2536 Saladinum
1169 2473 1312 2554 mittant,
1347 2483 1384 2538 ut
1460 2505 1461 2522 2

262 2577 388 2620 crucem
410 2568 563 2639 sanctam,
592 2579 690 2643 quam
713 2554 896 2635 abstulerat,
924 2563 976 2618 etss
999 2555 1158 2620 civitatem
1180 2554 1382 2622 lherusalem
1460 2577 1461 2616 3

261 2638 461 2704 christianish
490 2643 645 2706 restituat.
689 2637 786 2721 Quod
815 2640 903 2704 cumi
935 2638 1055 2703 facturn
1082 2639 1204 2720 fuisset,
1238 2651 1271 2706 et
1293 2639 1383 2706 Sala-

262 2723 355 2787 dinus
377 2746 436 2809 pro
457 2724 678 2811 redemptione
701 2744 831 2786 suorum
850 2745 954 2821 neque
970 2743 1098 2788 crucem
1119 2722 1255 2789 reddere
1275 2747 1382 2811 neque
1460 2723 1461 2754 ³

263 2807 424 2871 civitatem
457 2811 623 2874 restituere
653 2806 762 2888 vellet,
795 2807 814 2872 8
842 2806 931 2870 milia
959 2807 1137 2871 'lurcorum
1167 2817 1241 2872 ante
1270 2830 1382 2874 muros
1461 2860 1462 2885 ,

263 2891 399 2955 civitatis
428 2915 448 2956 a
475 2892 656 2957 christianis
683 2889 892 2968 decollantur,
921 2889 985 2954 duo
1007 2912 1084 2955 vero
1110 2889 1207 2973 milia,
1238 2893 1295 2978 qui
1321 2914 1381 2978 pro

262 2971 365 3038 salute
392 2998 450 3041 sua
475 2976 606 3062 regibus
634 2976 805 3062 pecuniam
833 2975 1010 3037 maximam
1039 2973 1278 3062 promittebant,
1311 2978 1382 3040 vin·
1460 3025 1461 3028 η

262 3057 342 3122 culis
365 3062 596 3147 mancipantur.
641 3060 737 3146 Capti
752 3068 826 3123 sunt
840 3059 959 3123 etiaml
973 3059 1093 3123 ibidem
1108 3059 1171 3123 duo
1186 3059 1358 3125 admiraldi
1364 3062 1383 3144 ¹,
1460 3129 1461 3144 ζ

195 3148 202 3156 ’
261 3143 461 3210 Mustochmd
485 3154 517 3210 et
538 3157 669 3221 Carcusl,
692 3157 770 3207 horno
791 3157 857 3206 mire
879 3156 1053 3220 antiquitatis,
1076 3157 1114 3206 ita
1135 3161 1166 3206 ut
1188 3155 1235 3207 et⁰
1257 3161 1380 3223 ternpore

260 3237 397 3287 victoriosi
426 3238 502 3288 ducis
527 3236 667 3288 Godefridi
693 3235 811 3285 extitisse
846 3238 873 3284 st
897 3233 972 3284 25οΡ
998 3250 1127 3286 annorum
1153 3249 1212 3285 essa
1237 3234 1382 3288 diceretur.

260 3309 314 3359 Hic
334 3316 392 3360 erat
410 3309 576 3361 consiliarius
596 3309 738 3361 Saladinit
758 3307 922 3373 multumque
942 3314 1070 3374 acceptus
1088 3309 1117 3358 in
1133 3307 1190 3358 eius
1211 3309 1294 3373 curia,
1315 3325 1382 3376 quo·

261 3382 332 3432 niam
352 3383 507 3448 productior
526 3389 601 3434 aetas
628 3382 770 3432 multarum
788 3396 875 3430 rerum
897 3386 924 3432 et
940 3382 1041 3431 arcium
1062 3383 1261 3449 experienciam
1289 3385 1316 3433 ei
1340 3386 1382 3434 in·

262 3461 380 3511 triverat.
423 3447 475 3514 Ibi
497 3450 594 3512 etiam
616 3448 745 3532 regibus
768 3455 799 3511 et
821 3447 1022 3546 principibus
1036 3448 1188 3533 ingressis
1204 3449 1381 3534 civitatem,

262 3541 294 3595 et
315 3531 496 3595 christianis
520 3554 590 3595 eam
618 3530 848 3596 mundantibus
856 3542 877 3613 Γ,
900 3530 1081 3596 R1chardus
1108 3553 1167 3595 rex
1194 3545 1380 3618 suspectam

262 3636 391 3700 semper
404 3615 524 3679 habens
536 3616 687 3680 virtutem
699 3615 961 3696 Alamannorum,
978 3615 1105 3699 signum
1121 3615 1213 3680 ducis
1228 3615 1382 3683 Austriae

261 3697 400 3796 Lupoldi
420 3699 454 3761 in
478 3696 616 3784 culmine
638 3698 806 3763 cuiusdam
833 3699 928 3764 turris
951 3709 1092 3763 erectum
1113 3700 1147 3762 in
1168 3710 1288 3765 terram
1309 3724 1381 3788 pre·

261 3781 387 3867 ciprtari
408 3782 562 3866 precepit.
620 3780 714 3861 Quod
736 3779 789 3846 ille
810 3782 941 3866 indigne
963 3780 1078 3864 ferens,
1107 3783 1164 3847 sed
1185 3791 1295 3848 tamen
1317 3785 1381 3850 dis·

261 3865 424 3947 simulans,
458 3865 590 3930 urbem³
617 3886 691 3928 curn
719 3866 785 3928 suis
815 3888 972 3951 egressus,
999 3867 1137 3932 tentoria
1165 3876 1240 3932 ante
1270 3871 1379 3935 menia

261 3949 400 4013 civitatis
420 3950 537 4035 posuit.

335 4073 364 4141 *)
383 4075 526 4127 Heinricus
545 4077 609 4142 imp.
632 4071 686 4126 02.

259 4181 282 4236 ι)
292 4183 373 4224 Annus
386 4184 499 4224 secundus
515 4185 603 4224 rubrica
618 4185 688 4227 ΟΜ.
746 4182 899 4234 miracul.
916 4188 958 4228 cl.
1019 4181 1239 4236 chrismalem.
1303 4188 1382 4241 d)Hs·

260 4242 433 4292 sennonem
449 4244 575 4292 Hsgonove
591 4243 638 4286 Βι.
654 4239 775 4293 =e)qua
792 4244 862 4287 ΟΜ.
894 4243 1012 4296 ηάιωιΒ.
1043 4245 1183 4296 maceston.
1215 4245 1239 4298 h)
1250 4258 1267 4288 r.
1278 4249 1380 4289 cham.

259 4302 345 4356 i)dum
363 4302 439 4342 (11.2.
500 4300 524 4352 k)
556 4308 580 4342 ct
595 4303 634 4343 02,
696 4301 713 4354 l)
729 4303 906 4344 admirandiBl
976 4303 1007 4356 m)
1024 4304 1125 4344 Mustoht
1141 4305 1186 4346 01.
1247 4303 1272 4357 n)
1290 4307 1380 4350 oureus

259 4373 316 4405 corr.
334 4363 420 4404 careus
436 4361 487 4411 ar,
503 4360 592 4401 caretis
608 4362 657 4404 Bt.
718 4357 805 4410 omasi
820 4363 869 4404 Bl.
930 4362 954 4414 p)
964 4363 1115 4403 ducentorum
1130 4363 1182 4402 LX⁸
1198 4364 1245 4406 Bl.
1306 4365 1331 4423 q)
1340 4366 1379 4409 δι.

259 4422 328 4463 latiur
343 4421 393 4462 Bl.
456 4419 476 4471 r)
491 4420 658 4461 inundantibus
675 4421 715 4463 01.
775 4419 796 4474 a)
811 4422 869 4464 urbe
886 4422 929 4464 01.
947 4425 967 4462 i.

262 4515 289 4583 1)
300 4515 440 4582 Safcddic
458 4513 504 4566 Ars·
522 4515 657 4568 Mesehtci
676 4523 700 4569 st
713 4515 874 4568 Bobaedds'a
888 4515 1062 4580 Kurabuscb5
1088 4516 1186 4568 Wltea
1205 4517 1258 4583 IV,
1274 4521 1380 4586 aaut.
