2970 4996
278 407 462 460 CHRONIOA
482 409 595 460 REGIA
616 408 858 460 COLONIENSIS
878 409 910 460 A.
933 409 1013 459 1162.
1145 408 1196 457 109

450 582 618 634 Beceaaio
640 582 664 633 Ι.
684 583 776 634 codd.
796 582 829 634 A.

455 652 550 714 Anno
572 649 706 713 Domini
725 651 815 715 1162.

146 733 370 799 Mediolanum
392 733 554 798 devictum
576 742 673 819 atque
690 734 886 798 destructum
909 742 967 797 est.
1001 733 1098 813 Quod
1118 754 1195 818 qua-

62 817 143 883 liter
174 818 340 900 acciderit,
375 819 537 882 succincte
573 816 812 903 expediendum
850 826 908 881 est.
969 829 1087 880 (11111111
1112 831 1335 896 igiturapaara.

62 925 115 977 per
136 911 268 975 hyemem
288 910 388 968 stratis,
409 925 467 959 cum
489 908 528 958 illi
548 909 651 960 sortiter
669 911 722 959 iarn
743 913 899 970 artarentur,
921 909 1023 958 animos
1043 909 1194 974 principum

64 982 184 1034 callidis
205 983 429 1050 propositionibus
449 982 652 1048 attemptabant,
673 989 711 1045 ut,
731 985 754 1033 si
775 999 826 1048 quo
847 981 926 1032 modo
940 986 1077 1047 tamquam
1091 998 1119 1032 re
1133 997 1193 1046 per-

64 1061 132 1106 aeta
154 1073 205 1108 eos
225 1072 333 1108 securos
351 1057 480 1118 iacerent,
499 1057 551 1120 ipsi
571 1057 677 1105 interim
696 1055 740 1105 vel
761 1055 795 1106 de
815 1056 907 1104 Brixia
930 1053 973 1104 vel
1001 1055 1034 1104 de
1054 1053 1195 1105 Placentia

65 1129 238 1181 coadunatis
256 1130 357 1180 viribus
377 1134 521 1179 mercatum
533 1129 661 1180 ducerent
669 1132 690 1178 ³.
720 1130 767 1179 Set
788 1144 848 1178 cum
865 1127 904 1177 nil
916 1126 1078 1193 proficerent
1092 1134 1119 1178 et
1138 1133 1195 1178 tam

65 1204 188 1268 ingenio
207 1219 287 1269 qnam
308 1203 410 1254 viribus
429 1204 482 1253 iam
504 1200 660 1265 deficerent,
685 1203 794 1252 tandem
814 1208 875 1267 post
894 1200 990 1251 multos
1015 1202 1142 1252 terminos
1168 1206 1196 1252 et

64 1276 291 1327 machinationes
311 1275 447 1344 plurimas,
467 1271 611 1341 supremab
633 1278 794 1326 necessitate
814 1275 891 1325 famis
911 1280 938 1325 et
963 1274 1070 1324 inediae
1098 1276 1195 1338 coacti,

65 1350 96 1400 in
118 1353 215 1417 capite
235 1351 329 1400 ieiunii
348 1352 460 1400 termino
484 1351 628 1400 constituto
649 1349 701 1400 duo
721 1348 914 1416 proponebant,
937 1347 1068 1399 videlicet
1090 1355 1119 1399 ut
1138 1349 1329 1399 111111111121.

67 1425 145 1474 omni
167 1431 262 1474 tenore
282 1439 311 1474 se
326 1423 457 1474 dederent
470 1421 513 1472 vel
526 1439 575 1489 per
591 1424 795 1475 conventionem
809 1424 923 1487 gratiam
938 1422 1097 1472 invenirent.
1127 1420 1196 1472 Con-

66 1498 166 1548 111110
188 1497 250 1548 talis
271 1501 340 1548 erat:
361 1501 446 1546 totum
465 1496 595 1546 fossatum
615 1496 756 1563 planar00,
775 1512 863 1546 muros
884 1500 911 1545 et
930 1511 1022 1546 omnes
1046 1502 1131 1546 turres
1151 1494 1197 1544 de-

67 1577 188 1633 struere,
213 1571 267 1620 300
292 1569 400 1621 obsides
428 1569 500 1630 dare,
527 1585 710 1635 quoscumque
737 1569 850 1634 eligeret
874 1569 1027 1634 imperator,
1053 1575 1080 1619 et
1105 1573 1134 1618 nt
1159 1568 1198 1617 hii

67 1659 119 1710 per
147 1651 206 1694 tres
232 1660 316 1695 annos
341 1645 369 1693 in
399 1644 556 1708 captivitate
581 1648 742 1703 tenerentur,
761 1648 922 1709 potestatem
947 1657 1027 1707 quam
1046 1641 1130 1692 vellet
1148 1643 1197 1690 im·

67 1723 186 1784 perator
205 1717 261 1768 sive
280 1717 475 1768 Theutonieam
495 1717 551 1768 sive
571 1716 806 1781 Longobardicarn
825 1717 954 1781 recipere,
979 1717 1069 1766 omnia
1093 1713 1198 1779 regalia

70 1790 222 1853 dimittere,
242 1792 384 1856 pecuniam
399 1790 515 1850 solvere,
526 1791 681 1856 imperatori
700 1790 844 1856 palacium,
858 1794 986 1854 quantum
1006 1793 1034 1838 et
1046 1788 1092 1838 ubi
1105 1787 1196 1851 vellet,

70 1865 130 1915 sive
152 1865 226 1915 infra
245 1867 302 1915 sive
323 1869 398 1914 extra
417 1863 546 1923 urbem,
567 1865 621 1914 suis
642 1865 765 1928 expensis
785 1863 883 1924 levare,
903 1877 1084 1926 necunquam
1099 1861 1131 1910 de
1153 1877 1197 1911 ce-

69 1942 130 1988 tero
152 1937 284 1989 fossatum
303 1937 347 1988 vel
367 1952 468 1986 murum
488 1938 545 1986 sine
566 1937 647 1987 verbo
669 1938 821 1987 caesaris
837 1935 936 1996 facere,
955 1949 1006 1984 nec
1027 1950 1086 1984 cum
1106 1934 1198 2000 aliqua

72 2013 191 2061 civitate
211 2016 259 2061 aut
277 2009 376 2078 populo
404 2009 572 2060 confederari
597 2015 643 2060 aut
666 2011 762 2072 iurare,
789 2011 840 2060 tria
865 2008 940 2058 milia
963 2009 1098 2058 hominum
1124 2013 1198 2058 extra

71 2086 216 2135 civitatem
243 2086 330 2134 eicere
358 2090 384 2134 11
408 2085 595 2150 imperatorem
623 2099 682 2133 cum
703 2084 822 2134 exercitu
840 2084 911 2132 intra
930 2082 1046 2132 urbem
1069 2081 1197 2146 quamdiu

69 2157 141 2208 velit
163 2159 294 2224 recipere.
332 2157 418 2223 Super
437 2157 478 2207 his
497 2158 579 2222 igitur
598 2156 699 2221 agitato
715 2156 836 2216 consilio,
851 2170 948 2222 magna
961 2171 1022 2221 pars
1036 2156 1196 2221 principum,

72 2247 190 2296 quorum
212 2237 292 2296 caput
312 2230 480 2281 coloniensis
501 2231 622 2296 cpisoo
630 2247 690 2296 pus
698 2272 705 2297 ,
727 2229 906 2280 conditionem
927 2228 1111 2294 recipiendam
1132 2243 1195 2278 con·

71 2304 167 2366 auluit,
188 2307 251 2370 quia
271 2312 334 2355 tunc
353 2303 434 2370 plena
453 2311 525 2355 esset
543 2305 655 2354 victoria
676 2309 703 2354 et
727 2305 871 2369 imperator
897 2302 1044 2353 vindictam
1071 2303 1195 2352 1111111-
1222 2354 1229 2362 ᾗ

71 2377 222 2429 ricordiam
242 2395 290 2443 pro
309 2376 379 2426 velle
399 2383 491 2442 posset
511 2393 645 2427 exercere.
675 2376 790 2440 Quidam
805 2377 884 2426 etiam
899 2380 1041 2441 utrumque
1055 2376 1196 2426 honestum

73 2447 160 2502 esse*l
180 2450 309 2502 dicebant
327 2453 448 2517 imperio.
477 2451 563 2500 Maior
583 2451 662 2500 etiam
683 2467 753 2516 pars,
775 2451 849 2500 cuius
871 2448 1194 2515 eaputesslandrarensis,

73 2527 283 2576 conventionem
297 2523 479 2590 recipiendam
492 2525 685 2590 persuasit,
702 2529 755 2574 tum
771 2524 834 2588 quia
846 2521 1064 2573 Mediolanenses
1078 2521 1112 2570 ad
1127 2521 1196 2570 hanc

71 2599 254 2665 promptiores
273 2597 434 2660 viderentur,
459 2603 513 2648 turn
539 2599 603 2662 quia
627 2599 712 2663 ipsam
738 2596 842 2648 solvere
868 2612 921 2646 non
947 2600 1065 2662 possent,
1086 2600 1113 2645 et
1132 2601 1195 2645 tunc

71 2673 270 2738 imperatorin
290 2670 473 2720 misericordia
492 2672 578 2721 minus
602 2676 736 2736 peccaret,
765 2671 796 2735 si,
825 2671 1001 2719 conventione
1027 2684 1079 2718 non
1100 2667 1196 2727 soluta,

72 2745 171 2798 fortius
189 2748 218 2795 in
239 2760 285 2795 eos
304 2743 467 2809 vindicaret3
495 2749 520 2793 et
539 2744 647 2794 tandem
668 2759 768 2806 omnes,
788 2736 871 2793 licetf
890 2744 975 2802 inviti,
996 2744 1023 2791 in
1043 2743 1113 2793 hanc
1133 2756 1195 2791 con·

73 2824 227 2882 senserunt,
249 2835 280 2868 eo
301 2817 372 2883 quod
392 2819 467 2883 quasi
489 2822 590 2867 certum
611 2817 767 2875 haberetur,
789 2817 992 2866 conventionem
1017 2817 1118 2866 servari
1144 2829 1197 2864 non

72 2909 165 2958 posse,
197 2908 257 2942 cum
284 2896 366 2941 strata
392 2890 426 2940 ad
453 2890 678 2940 transducendum
706 2895 852 2940 mercatum
873 2906 925 2939 non
945 2891 1119 2954 aperireturt,
1146 2887 1198 2937 nisi

414 2999 582 3052 Reconcio
602 2998 642 3050 11.
662 2999 754 3051 codd.
773 2999 807 3054 Β,
829 2997 856 3050 0.

226 3069 244 3108 ’1
268 3069 336 3132 11.¹1
380 3065 475 3131 Anno
498 3065 678 3131 dominicae
700 3066 945 3131 incarnationisi
971 3065 1061 3130 1162.

154 3150 409 3218 Mediolanenses
437 3151 533 3236 longa
561 3150 727 3215 obsidione
754 3151 828 3214 totis
856 3151 921 3213 iam
948 3149 1071 3214 viribus
1093 3147 1196 3228 fracti,

73 3238 260 3300 interventu
275 3235 487 3321 quorumdam
502 3235 684 3320 principum
700 3234 812 3315 adiuti,
827 3233 1031 3319 imperatorie
1046 3233 1197 3317 potestati

143 3362 172 3430 *J
192 3363 252 3416 Bl,
274 3363 289 3410 2
310 3371 334 3414 et
354 3361 376 3412 Ο
383 3363 398 3411 2
413 3360 604 3428 praemittant:

237 3435 396 3487 circulus
415 3452 577 3487 annorum
597 3440 676 3501 post
695 3437 881 3499 sexaginta
902 3433 1039 3484 duorum

235 3509 333 3560 Mille
354 3525 426 3560 cum
446 3515 582 3560 centum
603 3509 644 3559 fit
662 3504 713 3558 Μ11
734 3508 942 3572 digammate
962 3508 1103 3556 victum.

189 3584 258 3634 Hos
290 3599 409 3634 versus
442 3583 523 3634 olim
555 3581 692 3647 Sibylla
726 3583 759 3631 in
795 3580 970 3648 capitolio
999 3578 1198 3630 Mediolani

190 3658 468 3722 conscripserat,
496 3656 555 3707 sed
574 3651 671 3706 tunel
704 3656 810 3721 primo
834 3655 929 3721 cives
953 3653 1091 3703 devicta
1116 3652 1197 3701 civi·

188 3735 290 3780 tatem
330 3729 656 3794 consideraverunt,
696 3743 865 3778 numerum
896 3727 993 3777 illum
1031 3726 1072 3775 ab
1111 3739 1197 3774 anno

189 3804 363 3854 dominica
401 3803 659 3854 incarnationis
698 3818 773 3872 esse
813 3800 1025 3867 completum
1065 3803 1097 3848 et
1130 3797 1196 3847 duo

189 3892 320 3942 gamma
347 3893 421 3928 esse
441 3879 478 3940 F,
504 3878 641 3943 primam
666 3875 823 3926 litteram
850 3875 995 3926 nominis
1020 3870 1197 3922 Friderici

188 3953 427 4017 imperatoris.

77 4060 99 4113 a)
116 4073 139 4100 v.
157 4072 177 4102 c.
195 4071 225 4101 m.
243 4061 384 4100 adducerent
401 4060 449 4099 Bi,
525 4057 753 4111 b)suppremaA1.
830 4055 851 4108 c)
868 4057 953 4096 fossam
978 4051 1198 4104 cumplanareAl.

77 4121 100 4173 d)
115 4121 237 4161 decatBl.
299 4119 480 4168 e)c.eratB1.
541 4117 692 4169 0111111111.
753 4115 776 4168 g)
793 4115 975 4167 aperiamini.
1005 4129 1034 4150 =
1064 4111 1087 4163 h)
1104 4112 1140 4153 10.
1155 4112 1198 4152 011.

77 4179 94 4231 1)
109 4179 180 4220 Anno
196 4179 293 4218 Domini
309 4177 353 4218 01.
371 4179 392 4218 1.
432 4175 456 4229 k)
473 4177 631 4218 Mediolanum
646 4188 753 4226 superea.
771 4176 817 4217 Bl.
855 4174 872 4225 1)
890 4173 1009 4214 11111002.
1057 4169 1089 4223 m)
1107 4172 1198 4211 devicta

81 4239 174 4279 civitate
191 4239 255 4287 iufra
268 4241 319 4286 port
336 4237 476 4286 completum
489 4237 564 4286 posuit
580 4237 621 4276 02.

82 4333 108 4400 1)
125 4333 199 4396 Quae
219 4335 366 4398 sequuntur
385 4349 417 4383 ecc
437 4331 547 4398 epistola
566 4331 721 4382 Burcborda‘
738 4329 838 4381 11011111
857 4329 894 4379 od
915 4327 1057 4380 Nicolaum
1077 4327 1198 4377 abbatem

79 4406 282 4475 Siqburpearcm
311 4406 399 4470 (apud
417 4405 572 4468 Freberam,
602 4403 651 4456 SS.
676 4421 728 4456 rer.
748 4403 836 4455 Gerra.
856 4401 882 4465 I,
912 4402 973 4466 236,
1006 4401 1048 4452 vel
1075 4397 1198 4452 editionis

79 4482 170 4534 tertiae
190 4496 258 4532 curo
277 4479 311 4531 B.
332 4479 364 4530 G.
384 4477 487 4532 Strauit
504 4497 531 4545 p.
551 4479 617 4543 330)
637 4478 845 4530 decantarunt.
883 4473 915 4528 P.
