<?xml version="1.0" encoding="UTF-8"?>
<!DOCTYPE html PUBLIC "-//W3C//DTD XHTML 1.0 Transitional//EN"
    "http://www.w3.org/TR/xhtml1/DTD/xhtml1-transitional.dtd">
<html xmlns="http://www.w3.org/1999/xhtml" xml:lang="en" lang="en">
 <head>
  <title>
</title>
<meta http-equiv="Content-Type" content="text/html;charset=utf-8" />
  <meta name='ocr-system' content='tesseract 3.04.00' />
  <meta name='ocr-capabilities' content='ocr_page ocr_carea ocr_par ocr_line ocrx_word'/>
</head>
<body>
  <div class='ocr_page' id='page_1' title='image "./chronicaregiaco01waitgoog_0014.png"; bbox 0 0 2942 4998; ppageno 0'>
   <div class='ocr_carea' id='block_1_1' title="bbox 276 356 1138 414">
    <p class='ocr_par' dir='ltr' id='par_1_1' title="bbox 276 356 1138 414">
     <span class='ocr_line' id='line_1_1' title="bbox 276 356 1138 414; baseline -0.007 -1"><span class='ocrx_word' id='word_1_1' title='bbox 276 361 347 414; x_wconf 88' lang='lat' dir='ltr'>VIII</span> <span class='ocrx_word' id='word_1_2' title='bbox 545 357 733 411; x_wconf 68' lang='lat' dir='ltr'>0530ch</span> <span class='ocrx_word' id='word_1_3' title='bbox 751 358 865 410; x_wconf 80' lang='lat' dir='ltr'>REGIA</span> <span class='ocrx_word' id='word_1_4' title='bbox 885 356 1138 410; x_wconf 77' lang='lat' dir='ltr'>COLONIENSIS.</span> 
     </span>
    </p>
   </div>
   <div class='ocr_carea' id='block_1_2' title="bbox 271 522 1398 781">
    <p class='ocr_par' dir='ltr' id='par_1_2' title="bbox 271 522 1398 781">
     <span class='ocr_line' id='line_1_2' title="bbox 275 522 1396 612; baseline -0.006 -18"><span class='ocrx_word' id='word_1_5' title='bbox 275 530 320 594; x_wconf 88' lang='grc'><em>40</em></span> <span class='ocrx_word' id='word_1_6' title='bbox 352 538 381 594; x_wconf 88' lang='lat' dir='ltr'><em>et</em></span> <span class='ocrx_word' id='word_1_7' title='bbox 411 526 555 612; x_wconf 89' lang='lat' dir='ltr'><em>amplius</em></span> <span class='ocrx_word' id='word_1_8' title='bbox 588 549 694 592; x_wconf 87' lang='lat' dir='ltr'><em>annos</em></span> <span class='ocrx_word' id='word_1_9' title='bbox 727 536 879 592; x_wconf 89' lang='lat' dir='ltr'><em>accurate</em></span> <span class='ocrx_word' id='word_1_10' title='bbox 911 526 1036 592; x_wconf 90' lang='lat' dir='ltr'><em>contuli</em></span> <span class='ocrx_word' id='word_1_11' title='bbox 1067 536 1096 590; x_wconf 91' lang='lat' dir='ltr'><em>et</em></span> <span class='ocrx_word' id='word_1_12' title='bbox 1118 522 1278 610; x_wconf 83' lang='lat' dir='ltr'><em>(‘Arcbio&#39;</em></span> <span class='ocrx_word' id='word_1_13' title='bbox 1308 524 1396 605; x_wconf 89' lang='lat' dir='ltr'>VIII,</span> 
     </span>
     <span class='ocr_line' id='line_1_3' title="bbox 271 608 1398 699; baseline -0.007 -20"><span class='ocrx_word' id='word_1_14' title='bbox 271 637 310 699; x_wconf 91' lang='lat' dir='ltr'><em>p.</em></span> <span class='ocrx_word' id='word_1_15' title='bbox 343 612 424 693; x_wconf 85' lang='lat'><em>643)</em></span> <span class='ocrx_word' id='word_1_16' title='bbox 458 613 639 698; x_wconf 86' lang='lat' dir='ltr'><em>descripsi,</em></span> <span class='ocrx_word' id='word_1_17' title='bbox 679 634 768 675; x_wconf 92' lang='lat' dir='ltr'><em>nunc</em></span> <span class='ocrx_word' id='word_1_18' title='bbox 804 613 922 676; x_wconf 92' lang='lat' dir='ltr'><em>iterum</em></span> <span class='ocrx_word' id='word_1_19' title='bbox 960 611 1194 675; x_wconf 79' lang='lat' dir='ltr'><em>humanissime</em></span> <span class='ocrx_word' id='word_1_20' title='bbox 1230 608 1398 673; x_wconf 89' lang='lat' dir='ltr'><em>nobiscum</em></span> 
     </span>
     <span class='ocr_line' id='line_1_4' title="bbox 277 691 1397 781; baseline -0.006 -18"><span class='ocrx_word' id='word_1_21' title='bbox 277 699 548 763; x_wconf 90' lang='lat' dir='ltr'><em>communicatum</em></span> <span class='ocrx_word' id='word_1_22' title='bbox 570 693 681 781; x_wconf 74' lang='lat' dir='ltr'><em>relepi.</em></span> <span class='ocrx_word' id='word_1_23' title='bbox 725 695 795 760; x_wconf 89' lang='lat' dir='ltr'><em>Hoc</em></span> <span class='ocrx_word' id='word_1_24' title='bbox 822 695 891 760; x_wconf 90' lang='lat' dir='ltr'><em>loco</em></span> <span class='ocrx_word' id='word_1_25' title='bbox 920 698 1086 761; x_wconf 90' lang='lat' dir='ltr'><em>monuisse</em></span> <span class='ocrx_word' id='word_1_26' title='bbox 1113 691 1270 779; x_wconf 84' lang='lat' dir='ltr'><em>sufficiat,</em></span> <span class='ocrx_word' id='word_1_27' title='bbox 1299 693 1397 757; x_wconf 91' lang='lat' dir='ltr'><em>initio</em></span> 
     </span>
    </p>
   </div>
   <div class='ocr_carea' id='block_1_3' title="bbox 58 776 1398 930">
    <p class='ocr_par' dir='ltr' id='par_1_3' title="bbox 58 776 1398 930">
     <span class='ocr_line' id='line_1_5' title="bbox 58 776 1398 930; baseline -0.007 -80"><span class='ocrx_word' id='word_1_28' title='bbox 58 843 60 850; x_wconf 93' lang='lat'><em>.</em></span> <span class='ocrx_word' id='word_1_29' title='bbox 162 804 167 813; x_wconf 77' lang='grc'><strong>“</strong></span> <span class='ocrx_word' id='word_1_30' title='bbox 277 782 440 930; x_wconf 62' lang='lat' dir='ltr'><em>inopinos</em></span> <span class='ocrx_word' id='word_1_31' title='bbox 463 780 626 867; x_wconf 82' lang='lat' dir='ltr'><em>quasdam</em></span> <span class='ocrx_word' id='word_1_32' title='bbox 647 776 1398 866; x_wconf 47' lang='grc' dir='ltr'><strong>1000001178.9000010910οΚ00010000,</strong></span> 
     </span>
    </p>
   </div>
   <div class='ocr_carea' id='block_1_4' title="bbox 267 860 1466 1119">
    <p class='ocr_par' dir='ltr' id='par_1_4' title="bbox 267 860 1466 1119">
     <span class='ocr_line' id='line_1_6' title="bbox 267 860 1466 952; baseline -0.003 -22"><span class='ocrx_word' id='word_1_33' title='bbox 267 866 304 952; x_wconf 85' lang='lat' dir='ltr'><em>f.</em></span> <span class='ocrx_word' id='word_1_34' title='bbox 321 867 341 930; x_wconf 95' lang='grc'><strong>2</strong></span> <span class='ocrx_word' id='word_1_35' title='bbox 363 866 393 930; x_wconf 88' lang='lat'><em>6.</em></span> <span class='ocrx_word' id='word_1_36' title='bbox 415 865 566 930; x_wconf 91' lang='lat' dir='ltr'><em>Ottonum</em></span> <span class='ocrx_word' id='word_1_37' title='bbox 588 874 617 929; x_wconf 90' lang='lat' dir='ltr'><em>et</em></span> <span class='ocrx_word' id='word_1_38' title='bbox 635 865 835 951; x_wconf 82' lang='lat' dir='ltr'><em>sequentium</em></span> <span class='ocrx_word' id='word_1_39' title='bbox 856 865 1093 950; x_wconf 88' lang='lat' dir='ltr'><em>imperatorum</em></span> <span class='ocrx_word' id='word_1_40' title='bbox 1107 886 1208 950; x_wconf 81' lang='lat' dir='ltr'><em>usque</em></span> <span class='ocrx_word' id='word_1_41' title='bbox 1224 863 1269 927; x_wconf 94' lang='lat' dir='ltr'><em>ad</em></span> <span class='ocrx_word' id='word_1_42' title='bbox 1283 860 1397 926; x_wconf 74' lang='lat' dir='ltr'><em>Ibide-</em></span> <span class='ocrx_word' id='word_1_43' title='bbox 1465 915 1466 938; x_wconf 67' lang='grc'><strong>,</strong></span> 
     </span>
     <span class='ocr_line' id='line_1_7' title="bbox 279 945 1466 1031; baseline -0.006 -15"><span class='ocrx_word' id='word_1_44' title='bbox 279 953 386 1016; x_wconf 88' lang='lat' dir='ltr'><em>ricum</em></span> <span class='ocrx_word' id='word_1_45' title='bbox 404 949 450 1013; x_wconf 85' lang='lat' dir='ltr'>II.</span> <span class='ocrx_word' id='word_1_46' title='bbox 479 972 546 1014; x_wconf 91' lang='lat' dir='ltr'><em>esse</em></span> <span class='ocrx_word' id='word_1_47' title='bbox 575 947 783 1014; x_wconf 79' lang='lat' dir='ltr'><em>delineatam.</em></span> <span class='ocrx_word' id='word_1_48' title='bbox 830 947 994 1014; x_wconf 77' lang='lat' dir='ltr'><em>Chronica</em></span> <span class='ocrx_word' id='word_1_49' title='bbox 1017 949 1056 1012; x_wconf 93' lang='lat' dir='ltr'><em>ab</em></span> <span class='ocrx_word' id='word_1_50' title='bbox 1079 947 1276 1012; x_wconf 78' lang='lat' dir='ltr'><em>Elkebardo</em></span> <span class='ocrx_word' id='word_1_51' title='bbox 1295 945 1400 1031; x_wconf 87' lang='lat' dir='ltr'><em>plane</em></span> <span class='ocrx_word' id='word_1_52' title='bbox 1465 945 1466 954; x_wconf 70' lang='grc'>’</span> 
     </span>
     <span class='ocr_line' id='line_1_8' title="bbox 277 1031 1181 1119; baseline -0.006 -20"><span class='ocrx_word' id='word_1_53' title='bbox 277 1036 410 1099; x_wconf 87' lang='lat' dir='ltr'><em>diversa</em></span> <span class='ocrx_word' id='word_1_54' title='bbox 431 1035 552 1119; x_wconf 75' lang='lat' dir='ltr'><em>incipit</em></span> <span class='ocrx_word' id='word_1_55' title='bbox 574 1033 615 1098; x_wconf 92' lang='lat' dir='ltr'><em>ab</em></span> <span class='ocrx_word' id='word_1_56' title='bbox 638 1033 711 1097; x_wconf 88' lang='lat' dir='ltr'><em>orbe</em></span> <span class='ocrx_word' id='word_1_57' title='bbox 732 1033 872 1116; x_wconf 87' lang='lat' dir='ltr'><em>condito,</em></span> <span class='ocrx_word' id='word_1_58' title='bbox 886 1033 1012 1111; x_wconf 86' lang='lat' dir='ltr'><em>finitur</em></span> <span class='ocrx_word' id='word_1_59' title='bbox 1034 1056 1065 1101; x_wconf 88' lang='lat' dir='ltr'><em>a.</em></span> <span class='ocrx_word' id='word_1_60' title='bbox 1089 1031 1181 1096; x_wconf 88' lang='grc'><strong>1237.</strong></span> 
     </span>
    </p>
   </div>
   <div class='ocr_carea' id='block_1_5' title="bbox 268 1133 1467 3008">
    <p class='ocr_par' dir='ltr' id='par_1_5' title="bbox 268 1133 1467 1706">
     <span class='ocr_line' id='line_1_9' title="bbox 363 1133 1399 1201; baseline -0.004 -1"><span class='ocrx_word' id='word_1_61' title='bbox 363 1137 395 1200; x_wconf 91' lang='grc' dir='ltr'>Β</span> <span class='ocrx_word' id='word_1_62' title='bbox 409 1139 439 1200; x_wconf 92' lang='grc'><em>2.</em></span> <span class='ocrx_word' id='word_1_63' title='bbox 486 1135 593 1201; x_wconf 75' lang='lat' dir='ltr'><em>Cocco</em></span> <span class='ocrx_word' id='word_1_64' title='bbox 614 1135 823 1200; x_wconf 76' lang='lat' dir='ltr'><em>bibliothecae</em></span> <span class='ocrx_word' id='word_1_65' title='bbox 845 1137 989 1200; x_wconf 87' lang='lat' dir='ltr'><em>civitatis</em></span> <span class='ocrx_word' id='word_1_66' title='bbox 1011 1136 1060 1200; x_wconf 86' lang='lat' dir='ltr'><em>Li</em></span> <span class='ocrx_word' id='word_1_67' title='bbox 1100 1136 1138 1199; x_wconf 89' lang='lat' dir='ltr'><em>si</em></span> <span class='ocrx_word' id='word_1_68' title='bbox 1145 1135 1256 1199; x_wconf 91' lang='lat' dir='ltr'><em>ensis</em></span> <span class='ocrx_word' id='word_1_69' title='bbox 1278 1133 1324 1197; x_wconf 92' lang='grc' dir='ltr'><em>ΙΙ.</em></span> <span class='ocrx_word' id='word_1_70' title='bbox 1348 1133 1399 1196; x_wconf 93' lang='grc'><em>70.</em></span> 
     </span>
     <span class='ocr_line' id='line_1_10' title="bbox 278 1159 1400 1304; baseline -0.005 -18"><span class='ocrx_word' id='word_1_71' title='bbox 278 1244 322 1303; x_wconf 84' lang='grc'><em>0.,</em></span> <span class='ocrx_word' id='word_1_72' title='bbox 337 1221 465 1286; x_wconf 76' lang='lat' dir='ltr'><em>numbr.</em></span> <span class='ocrx_word' id='word_1_73' title='bbox 481 1244 506 1284; x_wconf 91' lang='lat' dir='ltr'><em>s.</em></span> <span class='ocrx_word' id='word_1_74' title='bbox 518 1220 603 1284; x_wconf 89' lang='lat' dir='ltr'>XIV.</span> <span class='ocrx_word' id='word_1_75' title='bbox 619 1241 669 1283; x_wconf 82' lang='lat' dir='ltr'><em>en.</em></span> <span class='ocrx_word' id='word_1_76' title='bbox 681 1218 749 1303; x_wconf 84' lang='lat' dir='ltr'><em>fol.</em></span> <span class='ocrx_word' id='word_1_77' title='bbox 764 1222 855 1301; x_wconf 69' lang='lat' dir='ltr'><em>min„</em></span> <span class='ocrx_word' id='word_1_78' title='bbox 871 1222 1012 1284; x_wconf 91' lang='lat' dir='ltr'><em>continet</em></span> <span class='ocrx_word' id='word_1_79' title='bbox 1016 1219 1050 1304; x_wconf 84' lang='lat' dir='ltr'><em>f</em></span> <span class='ocrx_word' id='word_1_80' title='bbox 1062 1159 1202 1284; x_wconf 57' lang='lat' dir='ltr'><em>itt-80.</em></span> <span class='ocrx_word' id='word_1_81' title='bbox 1217 1216 1400 1282; x_wconf 83' lang='lat' dir='ltr'><em>Obronicae</em></span> 
     </span>
     <span class='ocr_line' id='line_1_11' title="bbox 278 1299 1466 1391; baseline -0.003 -22"><span class='ocrx_word' id='word_1_82' title='bbox 278 1307 391 1391; x_wconf 82' lang='lat' dir='ltr'><em>repiae</em></span> <span class='ocrx_word' id='word_1_83' title='bbox 409 1314 540 1391; x_wconf 88' lang='lat' dir='ltr'><em>partem</em></span> <span class='ocrx_word' id='word_1_84' title='bbox 557 1306 772 1388; x_wconf 76' lang='lat' dir='ltr'><em>posteriorem</em></span> <span class='ocrx_word' id='word_1_85' title='bbox 793 1304 871 1368; x_wconf 91' lang='lat' dir='ltr'><em>inde</em></span> <span class='ocrx_word' id='word_1_86' title='bbox 894 1304 934 1368; x_wconf 89' lang='lat' dir='ltr'><em>ab</em></span> <span class='ocrx_word' id='word_1_87' title='bbox 958 1328 989 1368; x_wconf 89' lang='lat' dir='ltr'><em>a.</em></span> <span class='ocrx_word' id='word_1_88' title='bbox 1013 1304 1104 1384; x_wconf 93' lang='grc'><strong>1162,</strong></span> <span class='ocrx_word' id='word_1_89' title='bbox 1121 1312 1296 1389; x_wconf 89' lang='lat' dir='ltr'><em>praeterea</em></span> <span class='ocrx_word' id='word_1_90' title='bbox 1307 1299 1342 1385; x_wconf 81' lang='lat' dir='ltr'><em>f.</em></span> <span class='ocrx_word' id='word_1_91' title='bbox 1358 1301 1400 1366; x_wconf 88' lang='grc'><em>81</em></span> <span class='ocrx_word' id='word_1_92' title='bbox 1465 1383 1466 1386; x_wconf 9' lang='lat'>¹</span> 
     </span>
     <span class='ocr_line' id='line_1_12' title="bbox 276 1386 1399 1475; baseline -0.003 -21"><span class='ocrx_word' id='word_1_93' title='bbox 276 1413 294 1454; x_wconf 89' lang='lat' dir='ltr'><em>s</em></span> <span class='ocrx_word' id='word_1_94' title='bbox 317 1388 545 1475; x_wconf 78' lang='lat' dir='ltr'><em>q.frapmenta</em></span> <span class='ocrx_word' id='word_1_95' title='bbox 558 1389 720 1475; x_wconf 81' lang='lat' dir='ltr'><em>quaedam</em></span> <span class='ocrx_word' id='word_1_96' title='bbox 726 1391 857 1472; x_wconf 85' lang='lat' dir='ltr'><em>prioris</em></span> <span class='ocrx_word' id='word_1_97' title='bbox 867 1391 981 1473; x_wconf 88' lang='lat' dir='ltr'><em>partis</em></span> <span class='ocrx_word' id='word_1_98' title='bbox 994 1395 1039 1472; x_wconf 88' lang='lat' dir='ltr'><em>(o.</em></span> <span class='ocrx_word' id='word_1_99' title='bbox 1048 1387 1190 1453; x_wconf 83' lang='lat' dir='ltr'><em>‘Arabio&#39;</em></span> <span class='ocrx_word' id='word_1_100' title='bbox 1201 1386 1222 1450; x_wconf 94' lang='lat' dir='ltr'><em>l.</em></span> <span class='ocrx_word' id='word_1_101' title='bbox 1234 1387 1254 1450; x_wconf 93' lang='lat' dir='ltr'><em>l.</em></span> <span class='ocrx_word' id='word_1_102' title='bbox 1260 1409 1298 1470; x_wconf 87' lang='lat' dir='ltr'><em>p.</em></span> <span class='ocrx_word' id='word_1_103' title='bbox 1307 1387 1399 1467; x_wconf 84' lang='grc'><strong>649),</strong></span> 
     </span>
     <span class='ocr_line' id='line_1_13' title="bbox 268 1413 1467 1559; baseline -0.001 -23"><span class='ocrx_word' id='word_1_104' title='bbox 268 1413 338 1559; x_wconf 57' lang='grc'><strong>111</strong></span> <span class='ocrx_word' id='word_1_105' title='bbox 354 1496 422 1559; x_wconf 82' lang='lat' dir='ltr'><em>sqq.</em></span> <span class='ocrx_word' id='word_1_106' title='bbox 444 1474 623 1538; x_wconf 82' lang='lat' dir='ltr'><em>versionem</em></span> <span class='ocrx_word' id='word_1_107' title='bbox 644 1473 744 1536; x_wconf 88' lang='lat' dir='ltr'><em>buius</em></span> <span class='ocrx_word' id='word_1_108' title='bbox 761 1471 1003 1538; x_wconf 76' lang='lat' dir='ltr'><em>Germanicam.</em></span> <span class='ocrx_word' id='word_1_109' title='bbox 1046 1472 1144 1536; x_wconf 87' lang='lat' dir='ltr'><em>Liber</em></span> <span class='ocrx_word' id='word_1_110' title='bbox 1160 1471 1399 1555; x_wconf 90' lang='lat' dir='ltr'><em>proculdubio</em></span> <span class='ocrx_word' id='word_1_111' title='bbox 1466 1537 1467 1540; x_wconf 65' lang='grc'><strong>,</strong></span> 
     </span>
     <span class='ocr_line' id='line_1_14' title="bbox 278 1555 1400 1643; baseline -0.001 -22"><span class='ocrx_word' id='word_1_112' title='bbox 278 1580 320 1622; x_wconf 85' lang='lat' dir='ltr'><em>ecc</em></span> <span class='ocrx_word' id='word_1_113' title='bbox 340 1557 406 1620; x_wconf 93' lang='lat' dir='ltr'><em>Bl</em></span> <span class='ocrx_word' id='word_1_114' title='bbox 437 1557 544 1621; x_wconf 88' lang='lat' dir='ltr'><em>deseri</em></span> <span class='ocrx_word' id='word_1_115' title='bbox 568 1567 621 1621; x_wconf 91' lang='lat' dir='ltr'><em>tus</em></span> <span class='ocrx_word' id='word_1_116' title='bbox 648 1555 812 1622; x_wconf 87' lang='lat' dir='ltr'><em>nonnulla</em></span> <span class='ocrx_word' id='word_1_117' title='bbox 840 1558 934 1622; x_wconf 88' lang='lat' dir='ltr'><em>baud</em></span> <span class='ocrx_word' id='word_1_118' title='bbox 961 1559 1078 1643; x_wconf 78' lang='lat' dir='ltr'><em>mapni</em></span> <span class='ocrx_word' id='word_1_119' title='bbox 1103 1558 1254 1620; x_wconf 87' lang='lat' dir='ltr'><em>momenti</em></span> <span class='ocrx_word' id='word_1_120' title='bbox 1282 1557 1400 1634; x_wconf 88' lang='lat' dir='ltr'><em>omisit,</em></span> 
     </span>
     <span class='ocr_line' id='line_1_15' title="bbox 279 1641 629 1706; baseline -0.009 0"><span class='ocrx_word' id='word_1_121' title='bbox 279 1641 366 1706; x_wconf 86' lang='lat' dir='ltr'><em>nibil</em></span> <span class='ocrx_word' id='word_1_122' title='bbox 387 1644 465 1706; x_wconf 88' lang='lat' dir='ltr'><em>novi</em></span> <span class='ocrx_word' id='word_1_123' title='bbox 487 1642 533 1706; x_wconf 91' lang='lat' dir='ltr'><em>ad</em></span> <span class='ocrx_word' id='word_1_124' title='bbox 557 1642 629 1706; x_wconf 86' lang='lat' dir='ltr'><em>idit.</em></span> 
     </span>
    </p>

    <p class='ocr_par' dir='ltr' id='par_1_6' title="bbox 268 1741 1403 3008">
     <span class='ocr_line' id='line_1_16' title="bbox 367 1741 1400 1828; baseline -0.007 -18"><span class='ocrx_word' id='word_1_125' title='bbox 367 1743 396 1810; x_wconf 81' lang='lat' dir='ltr'><strong><em>C</em></strong></span> <span class='ocrx_word' id='word_1_126' title='bbox 408 1745 436 1806; x_wconf 90' lang='lat'><em>1.</em></span> <span class='ocrx_word' id='word_1_127' title='bbox 482 1743 590 1810; x_wconf 75' lang='lat' dir='ltr'><em>Codes</em></span> <span class='ocrx_word' id='word_1_128' title='bbox 604 1745 775 1809; x_wconf 82' lang='lat' dir='ltr'><em>Romanus</em></span> <span class='ocrx_word' id='word_1_129' title='bbox 798 1743 1028 1808; x_wconf 89' lang='lat' dir='ltr'><em>Vaticanus</em></span> <span class='ocrx_word' id='word_1_130' title='bbox 1053 1741 1240 1808; x_wconf 78' lang='lat' dir='ltr'><em>Cbristinae</em></span> <span class='ocrx_word' id='word_1_131' title='bbox 1261 1742 1400 1828; x_wconf 77' lang='lat' dir='ltr'><em>repinae</em></span> 
     </span>
     <span class='ocr_line' id='line_1_17' title="bbox 278 1825 1400 1910; baseline -0.002 -18"><span class='ocrx_word' id='word_1_132' title='bbox 278 1852 331 1892; x_wconf 91' lang='lat' dir='ltr'><em>nr.</em></span> <span class='ocrx_word' id='word_1_133' title='bbox 346 1829 419 1909; x_wconf 91' lang='grc'><strong>521,</strong></span> <span class='ocrx_word' id='word_1_134' title='bbox 441 1829 581 1910; x_wconf 67' lang='lat' dir='ltr'><em>membr„</em></span> <span class='ocrx_word' id='word_1_135' title='bbox 604 1852 688 1894; x_wconf 86' lang='lat' dir='ltr'><em>saec.</em></span> <span class='ocrx_word' id='word_1_136' title='bbox 704 1828 798 1892; x_wconf 88' lang='lat' dir='ltr'>XIII.</span> <span class='ocrx_word' id='word_1_137' title='bbox 820 1850 869 1892; x_wconf 83' lang='lat' dir='ltr'><em>ecc.</em></span> <span class='ocrx_word' id='word_1_138' title='bbox 893 1827 1023 1892; x_wconf 91' lang='lat' dir='ltr'><em>duabus</em></span> <span class='ocrx_word' id='word_1_139' title='bbox 1046 1825 1205 1892; x_wconf 90' lang='lat' dir='ltr'><em>columnis</em></span> <span class='ocrx_word' id='word_1_140' title='bbox 1226 1835 1400 1906; x_wconf 76' lang='lat' dir='ltr'><em>exaratus,</em></span> 
     </span>
     <span class='ocr_line' id='line_1_18' title="bbox 268 1910 1400 2012; baseline -0.004 -34"><span class='ocrx_word' id='word_1_141' title='bbox 268 1912 372 1998; x_wconf 87' lang='lat' dir='ltr'><em>foliis</em></span> <span class='ocrx_word' id='word_1_142' title='bbox 401 1922 529 1978; x_wconf 92' lang='lat' dir='ltr'><em>constat</em></span> <span class='ocrx_word' id='word_1_143' title='bbox 553 1914 603 1995; x_wconf 91' lang='grc'><em>52,</em></span> <span class='ocrx_word' id='word_1_144' title='bbox 634 1913 754 2012; x_wconf 64' lang='lat' dir='ltr'><em>quibus</em></span> <span class='ocrx_word' id='word_1_145' title='bbox 777 1913 929 1977; x_wconf 75' lang='lat' dir='ltr'><em>Historia</em></span> <span class='ocrx_word' id='word_1_146' title='bbox 960 1934 1126 1975; x_wconf 88' lang='lat' dir='ltr'><em>annorum</em></span> <span class='ocrx_word' id='word_1_147' title='bbox 1153 1910 1215 1976; x_wconf 89' lang='grc'><em>700</em></span> <span class='ocrx_word' id='word_1_148' title='bbox 1244 1912 1400 1996; x_wconf 87' lang='lat' dir='ltr'><em>(incipit:</em></span> 
     </span>
     <span class='ocr_line' id='line_1_19' title="bbox 279 1994 1401 2082; baseline -0.002 -22"><span class='ocrx_word' id='word_1_149' title='bbox 279 1996 339 2060; x_wconf 86' lang='lat' dir='ltr'><em>Dc</em></span> <span class='ocrx_word' id='word_1_150' title='bbox 373 1995 550 2081; x_wconf 85' lang='lat' dir='ltr'><em>Tyberi0</em></span> <span class='ocrx_word' id='word_1_151' title='bbox 589 2018 655 2082; x_wconf 89' lang='lat' dir='ltr'><em>qu1</em></span> <span class='ocrx_word' id='word_1_152' title='bbox 690 1996 954 2060; x_wconf 82' lang='lat' dir='ltr'><em>Abscimarus</em></span> <span class='ocrx_word' id='word_1_153' title='bbox 982 1995 1111 2059; x_wconf 89' lang='lat' dir='ltr'>LXII.</span> <span class='ocrx_word' id='word_1_154' title='bbox 1171 1994 1265 2059; x_wconf 89' lang='lat' dir='ltr'><em>Anno</em></span> <span class='ocrx_word' id='word_1_155' title='bbox 1299 1994 1401 2080; x_wconf 85' lang='lat' dir='ltr'><em>gratie</em></span> 
     </span>
     <span class='ocr_line' id='line_1_20' title="bbox 281 2079 1401 2166; baseline -0.002 -22"><span class='ocrx_word' id='word_1_156' title='bbox 281 2081 351 2145; x_wconf 94' lang='grc'><strong>700.</strong></span> <span class='ocrx_word' id='word_1_157' title='bbox 367 2079 528 2164; x_wconf 83' lang='lat' dir='ltr'><em>Tyberius</em></span> <span class='ocrx_word' id='word_1_158' title='bbox 548 2086 622 2161; x_wconf 89' lang='lat' dir='ltr'><em>eto.)</em></span> <span class='ocrx_word' id='word_1_159' title='bbox 644 2080 781 2145; x_wconf 86' lang='grc'><strong>-1237.</strong></span> <span class='ocrx_word' id='word_1_160' title='bbox 809 2081 1002 2144; x_wconf 91' lang='lat' dir='ltr'><em>continetur.</em></span> <span class='ocrx_word' id='word_1_161' title='bbox 1044 2080 1142 2144; x_wconf 88' lang='lat' dir='ltr'><em>Liber</em></span> <span class='ocrx_word' id='word_1_162' title='bbox 1163 2081 1313 2166; x_wconf 81' lang='lat' dir='ltr'><em>quamvis</em></span> <span class='ocrx_word' id='word_1_163' title='bbox 1334 2101 1401 2143; x_wconf 92' lang='grc'><em>000</em></span> 
     </span>
     <span class='ocr_line' id='line_1_21' title="bbox 274 2164 1402 2253; baseline -0.004 -23"><span class='ocrx_word' id='word_1_164' title='bbox 274 2167 400 2253; x_wconf 89' lang='lat' dir='ltr'><em>paucis</em></span> <span class='ocrx_word' id='word_1_165' title='bbox 415 2164 553 2229; x_wconf 89' lang='lat' dir='ltr'><em>maculis</em></span> <span class='ocrx_word' id='word_1_166' title='bbox 569 2187 725 2251; x_wconf 87' lang='lat' dir='ltr'><em>aspersus</em></span> <span class='ocrx_word' id='word_1_167' title='bbox 747 2174 776 2228; x_wconf 94' lang='lat' dir='ltr'><em>et</em></span> <span class='ocrx_word' id='word_1_168' title='bbox 790 2164 958 2250; x_wconf 83' lang='lat' dir='ltr'><em>sinpulari</em></span> <span class='ocrx_word' id='word_1_169' title='bbox 972 2164 1142 2230; x_wconf 86' lang='lat' dir='ltr'><em>uerborum</em></span> <span class='ocrx_word' id='word_1_170' title='bbox 1156 2164 1402 2229; x_wconf 88' lang='lat' dir='ltr'><em>scribendorum</em></span> 
     </span>
     <span class='ocr_line' id='line_1_22' title="bbox 279 2246 1401 2334; baseline -0.002 -22"><span class='ocrx_word' id='word_1_171' title='bbox 279 2252 410 2314; x_wconf 91' lang='lat' dir='ltr'><em>ratione</em></span> <span class='ocrx_word' id='word_1_172' title='bbox 433 2251 630 2333; x_wconf 88' lang='lat' dir='ltr'><em>conspicuus</em></span> <span class='ocrx_word' id='word_1_173' title='bbox 653 2287 694 2298; x_wconf 86' lang='lat'><em>-—</em></span> <span class='ocrx_word' id='word_1_174' title='bbox 716 2258 803 2329; x_wconf 78' lang='lat' dir='ltr'><em>sunt,</em></span> <span class='ocrx_word' id='word_1_175' title='bbox 833 2271 915 2334; x_wconf 81' lang='lat' dir='ltr'><em>quae</em></span> <span class='ocrx_word' id='word_1_176' title='bbox 937 2251 1068 2313; x_wconf 92' lang='lat' dir='ltr'><em>eumin</em></span> <span class='ocrx_word' id='word_1_177' title='bbox 1091 2249 1193 2314; x_wconf 90' lang='lat' dir='ltr'><em>Italia</em></span> <span class='ocrx_word' id='word_1_178' title='bbox 1215 2248 1264 2314; x_wconf 85' lang='lat' dir='ltr'><em>nel</em></span> <span class='ocrx_word' id='word_1_179' title='bbox 1288 2246 1401 2311; x_wconf 77' lang='lat' dir='ltr'><em>Gallia</em></span> 
     </span>
     <span class='ocr_line' id='line_1_23' title="bbox 278 2333 1400 2418; baseline -0.002 -20"><span class='ocrx_word' id='word_1_180' title='bbox 278 2335 440 2418; x_wconf 78' lang='lat' dir='ltr'><em>scriptam</em></span> <span class='ocrx_word' id='word_1_181' title='bbox 461 2355 527 2398; x_wconf 88' lang='lat' dir='ltr'><em>esse</em></span> <span class='ocrx_word' id='word_1_182' title='bbox 556 2342 592 2397; x_wconf 90' lang='lat' dir='ltr'><em>at</em></span> <span class='ocrx_word' id='word_1_183' title='bbox 618 2342 801 2397; x_wconf 89' lang='lat' dir='ltr'><em>statuamus</em></span> <span class='ocrx_word' id='word_1_184' title='bbox 830 2333 972 2397; x_wconf 90' lang='lat' dir='ltr'><em>suadere</em></span> <span class='ocrx_word' id='word_1_185' title='bbox 988 2335 1122 2418; x_wconf 91' lang='lat' dir='ltr'><em>possint</em></span> <span class='ocrx_word' id='word_1_186' title='bbox 1143 2373 1196 2414; x_wconf 88' lang='lat'><em>-,</em></span> <span class='ocrx_word' id='word_1_187' title='bbox 1226 2355 1293 2397; x_wconf 91' lang='lat' dir='ltr'><em>non</em></span> <span class='ocrx_word' id='word_1_188' title='bbox 1320 2354 1400 2396; x_wconf 90' lang='lat' dir='ltr'><em>raro</em></span> 
     </span>
     <span class='ocr_line' id='line_1_24' title="bbox 280 2417 1401 2504; baseline -0.003 -22"><span class='ocrx_word' id='word_1_189' title='bbox 280 2420 462 2504; x_wconf 73' lang='lat' dir='ltr'><em>poncinum</em></span> <span class='ocrx_word' id='word_1_190' title='bbox 483 2418 648 2482; x_wconf 83' lang='lat' dir='ltr'><em>lectionem</em></span> <span class='ocrx_word' id='word_1_191' title='bbox 670 2419 811 2482; x_wconf 87' lang='lat' dir='ltr'><em>servavit</em></span> <span class='ocrx_word' id='word_1_192' title='bbox 839 2427 868 2481; x_wconf 92' lang='lat' dir='ltr'><em>et</em></span> <span class='ocrx_word' id='word_1_193' title='bbox 890 2417 936 2480; x_wconf 91' lang='lat' dir='ltr'><em>ad</em></span> <span class='ocrx_word' id='word_1_194' title='bbox 957 2419 1072 2483; x_wconf 86' lang='lat' dir='ltr'><em>varias</em></span> <span class='ocrx_word' id='word_1_195' title='bbox 1093 2418 1267 2482; x_wconf 86' lang='lat' dir='ltr'><em>ebronicae</em></span> <span class='ocrx_word' id='word_1_196' title='bbox 1289 2418 1401 2503; x_wconf 76' lang='lat' dir='ltr'><em>repiae</em></span> 
     </span>
     <span class='ocr_line' id='line_1_25' title="bbox 279 2502 1401 2586; baseline 0 -22"><span class='ocrx_word' id='word_1_197' title='bbox 279 2503 483 2567; x_wconf 87' lang='lat' dir='ltr'><em>recensiones</em></span> <span class='ocrx_word' id='word_1_198' title='bbox 513 2525 548 2567; x_wconf 91' lang='lat' dir='ltr'><em>co</em></span> <span class='ocrx_word' id='word_1_199' title='bbox 573 2502 755 2566; x_wconf 89' lang='lat' dir='ltr'><em>noscendas</em></span> <span class='ocrx_word' id='word_1_200' title='bbox 783 2510 812 2566; x_wconf 93' lang='lat' dir='ltr'><em>et</em></span> <span class='ocrx_word' id='word_1_201' title='bbox 839 2510 921 2567; x_wconf 88' lang='lat' dir='ltr'><em>recte</em></span> <span class='ocrx_word' id='word_1_202' title='bbox 953 2503 1157 2567; x_wconf 90' lang='lat' dir='ltr'><em>iudicandas</em></span> <span class='ocrx_word' id='word_1_203' title='bbox 1186 2524 1253 2566; x_wconf 89' lang='lat' dir='ltr'><em>non</em></span> <span class='ocrx_word' id='word_1_204' title='bbox 1276 2523 1401 2586; x_wconf 90' lang='lat' dir='ltr'><em>parum</em></span> 
     </span>
     <span class='ocr_line' id='line_1_26' title="bbox 269 2586 1401 2734; baseline -0.003 -83"><span class='ocrx_word' id='word_1_205' title='bbox 269 2586 365 2673; x_wconf 85' lang='lat' dir='ltr'><em>facit</em></span> <span class='ocrx_word' id='word_1_206' title='bbox 372 2609 384 2667; x_wconf 90' lang='grc'><em>,·</em></span> <span class='ocrx_word' id='word_1_207' title='bbox 414 2588 536 2734; x_wconf 66' lang='grc' dir='ltr'><strong>071ῶο0</strong></span> <span class='ocrx_word' id='word_1_208' title='bbox 586 2588 624 2650; x_wconf 91' lang='lat' dir='ltr'><em>in</em></span> <span class='ocrx_word' id='word_1_209' title='bbox 641 2588 758 2672; x_wconf 88' lang='lat' dir='ltr'><em>prima</em></span> <span class='ocrx_word' id='word_1_210' title='bbox 780 2595 911 2650; x_wconf 87' lang='lat' dir='ltr'><em>nostrae</em></span> <span class='ocrx_word' id='word_1_211' title='bbox 941 2586 1139 2652; x_wconf 82' lang='lat' dir='ltr'><em>collectionis</em></span> <span class='ocrx_word' id='word_1_212' title='bbox 1166 2587 1307 2651; x_wconf 88' lang='lat' dir='ltr'><em>editione</em></span> <span class='ocrx_word' id='word_1_213' title='bbox 1334 2608 1401 2648; x_wconf 91' lang='lat' dir='ltr'><em>non</em></span> 
     </span>
     <span class='ocr_line' id='line_1_27' title="bbox 281 2669 1402 2755; baseline -0.003 -18"><span class='ocrx_word' id='word_1_214' title='bbox 281 2673 364 2737; x_wconf 87' lang='lat' dir='ltr'><em>satis</em></span> <span class='ocrx_word' id='word_1_215' title='bbox 391 2673 457 2736; x_wconf 85' lang='lat' dir='ltr'><em>iate</em></span> <span class='ocrx_word' id='word_1_216' title='bbox 483 2680 586 2736; x_wconf 90' lang='lat' dir='ltr'><em>ectum</em></span> <span class='ocrx_word' id='word_1_217' title='bbox 614 2693 690 2754; x_wconf 86' lang='lat' dir='ltr'><em>csse,</em></span> <span class='ocrx_word' id='word_1_218' title='bbox 724 2669 876 2736; x_wconf 83' lang='lat' dir='ltr'><em>dolemus.</em></span> <span class='ocrx_word' id='word_1_219' title='bbox 920 2671 993 2736; x_wconf 91' lang='lat' dir='ltr'><em>Iam</em></span> <span class='ocrx_word' id='word_1_220' title='bbox 1024 2673 1069 2736; x_wconf 93' lang='lat' dir='ltr'><em>iis</em></span> <span class='ocrx_word' id='word_1_221' title='bbox 1100 2693 1181 2735; x_wconf 89' lang='lat' dir='ltr'><em>usus</em></span> <span class='ocrx_word' id='word_1_222' title='bbox 1214 2693 1286 2734; x_wconf 90' lang='lat' dir='ltr'><em>sum</em></span> <span class='ocrx_word' id='word_1_223' title='bbox 1318 2693 1402 2755; x_wconf 79' lang='lat' dir='ltr'><em>quae</em></span> 
     </span>
     <span class='ocr_line' id='line_1_28' title="bbox 282 2753 1401 2840; baseline -0.003 -20"><span class='ocrx_word' id='word_1_224' title='bbox 282 2779 314 2820; x_wconf 87' lang='lat' dir='ltr'><em>a.</em></span> <span class='ocrx_word' id='word_1_225' title='bbox 331 2753 423 2821; x_wconf 85' lang='lat'><em>1859.</em></span> <span class='ocrx_word' id='word_1_226' title='bbox 446 2756 479 2821; x_wconf 87' lang='lat' dir='ltr'><em>V.</em></span> <span class='ocrx_word' id='word_1_227' title='bbox 497 2754 542 2822; x_wconf 83' lang='lat' dir='ltr'><em>Cl.</em></span> <span class='ocrx_word' id='word_1_228' title='bbox 561 2755 607 2820; x_wconf 91' lang='lat' dir='ltr'><em>W.</em></span> <span class='ocrx_word' id='word_1_229' title='bbox 623 2755 666 2819; x_wconf 88' lang='lat' dir='ltr'><em>N.</em></span> <span class='ocrx_word' id='word_1_230' title='bbox 688 2755 734 2819; x_wconf 92' lang='lat' dir='ltr'><em>du</em></span> <span class='ocrx_word' id='word_1_231' title='bbox 748 2755 845 2835; x_wconf 78' lang='lat' dir='ltr'><em>Rieu,</em></span> <span class='ocrx_word' id='word_1_232' title='bbox 867 2778 957 2819; x_wconf 91' lang='lat' dir='ltr'><em>nunc</em></span> <span class='ocrx_word' id='word_1_233' title='bbox 978 2755 1243 2820; x_wconf 76' lang='lat' dir='ltr'><em>bibliothecarius</em></span> <span class='ocrx_word' id='word_1_234' title='bbox 1264 2754 1401 2840; x_wconf 67' lang='grc'><strong>1309010-</strong></span> 
     </span>
     <span class='ocr_line' id='line_1_29' title="bbox 281 2838 1403 2925; baseline -0.003 -20"><span class='ocrx_word' id='word_1_235' title='bbox 281 2843 405 2921; x_wconf 85' lang='lat' dir='ltr'><em>nensis,</em></span> <span class='ocrx_word' id='word_1_236' title='bbox 438 2839 613 2925; x_wconf 81' lang='lat' dir='ltr'><em>dilipcnter</em></span> <span class='ocrx_word' id='word_1_237' title='bbox 644 2842 797 2921; x_wconf 75' lang='lat' dir='ltr'><em>enotavit,</em></span> <span class='ocrx_word' id='word_1_238' title='bbox 824 2849 943 2923; x_wconf 90' lang='lat' dir='ltr'><em>postea</em></span> <span class='ocrx_word' id='word_1_239' title='bbox 972 2839 1035 2904; x_wconf 89' lang='lat' dir='ltr'><em>VV.</em></span> <span class='ocrx_word' id='word_1_240' title='bbox 1061 2838 1121 2905; x_wconf 79' lang='lat' dir='ltr'><em>Cll.</em></span> <span class='ocrx_word' id='word_1_241' title='bbox 1144 2839 1345 2924; x_wconf 57' lang='lat' dir='ltr'><em>Sinuessae</em></span> <span class='ocrx_word' id='word_1_242' title='bbox 1374 2848 1403 2902; x_wconf 90' lang='lat' dir='ltr'><em>et</em></span> 
     </span>
     <span class='ocr_line' id='line_1_30' title="bbox 282 2925 644 3008; baseline -0.008 -20"><span class='ocrx_word' id='word_1_243' title='bbox 282 2925 367 2988; x_wconf 89' lang='lat' dir='ltr'><em>Mau</em></span> <span class='ocrx_word' id='word_1_244' title='bbox 388 2926 644 3008; x_wconf 81' lang='lat' dir='ltr'><em>easeripserunt.</em></span> 
     </span>
    </p>
   </div>
   <div class='ocr_carea' id='block_1_6' title="bbox 281 3023 1403 3194">
    <p class='ocr_par' dir='ltr' id='par_1_7' title="bbox 281 3023 1403 3194">
     <span class='ocr_line' id='line_1_31' title="bbox 370 3023 1402 3100; baseline -0.004 -8"><span class='ocrx_word' id='word_1_245' title='bbox 370 3025 458 3092; x_wconf 72' lang='lat'><em>01².</em></span> <span class='ocrx_word' id='word_1_246' title='bbox 510 3025 617 3090; x_wconf 77' lang='lat' dir='ltr'><em>Coden</em></span> <span class='ocrx_word' id='word_1_247' title='bbox 653 3025 948 3090; x_wconf 85' lang='lat' dir='ltr'><em>Berolinensis</em></span> <span class='ocrx_word' id='word_1_248' title='bbox 983 3025 1056 3089; x_wconf 88' lang='lat' dir='ltr'><em>Lat.</em></span> <span class='ocrx_word' id='word_1_249' title='bbox 1098 3028 1135 3090; x_wconf 93' lang='lat' dir='ltr'><em>in</em></span> <span class='ocrx_word' id='word_1_250' title='bbox 1176 3027 1221 3089; x_wconf 76' lang='grc' dir='ltr'><em>4ιο</em></span> <span class='ocrx_word' id='word_1_251' title='bbox 1264 3047 1315 3088; x_wconf 94' lang='lat' dir='ltr'><em>nr.</em></span> <span class='ocrx_word' id='word_1_252' title='bbox 1349 3023 1402 3100; x_wconf 88' lang='grc'><em>65,</em></span> 
     </span>
     <span class='ocr_line' id='line_1_32' title="bbox 281 3107 1403 3194; baseline 0 -20"><span class='ocrx_word' id='word_1_253' title='bbox 281 3111 386 3174; x_wconf 86' lang='lat' dir='ltr'><em>cbart.</em></span> <span class='ocrx_word' id='word_1_254' title='bbox 408 3133 434 3173; x_wconf 89' lang='lat' dir='ltr'><em>s.</em></span> <span class='ocrx_word' id='word_1_255' title='bbox 449 3110 484 3173; x_wconf 92' lang='lat' dir='ltr'><em>X</em></span> <span class='ocrx_word' id='word_1_256' title='bbox 489 3109 574 3191; x_wconf 84' lang='lat' dir='ltr'>VIII,</span> <span class='ocrx_word' id='word_1_257' title='bbox 598 3132 704 3174; x_wconf 90' lang='lat' dir='ltr'><em>annos</em></span> <span class='ocrx_word' id='word_1_258' title='bbox 725 3118 853 3173; x_wconf 91' lang='lat' dir='ltr'><em>tantum</em></span> <span class='ocrx_word' id='word_1_259' title='bbox 868 3107 1069 3175; x_wconf 82' lang='lat'><em>964-1162.</em></span> <span class='ocrx_word' id='word_1_260' title='bbox 1091 3133 1131 3176; x_wconf 82' lang='lat' dir='ltr'><em>cn</em></span> <span class='ocrx_word' id='word_1_261' title='bbox 1150 3110 1203 3177; x_wconf 80' lang='lat'><em>01</em></span> <span class='ocrx_word' id='word_1_262' title='bbox 1220 3111 1403 3194; x_wconf 89' lang='lat' dir='ltr'><em>descriptos</em></span> 
     </span>
    </p>
   </div>
   <div class='ocr_carea' id='block_1_7' title="bbox 282 3197 434 3259">
    <p class='ocr_par' dir='ltr' id='par_1_8' title="bbox 282 3197 434 3259">
     <span class='ocr_line' id='line_1_33' title="bbox 282 3197 434 3259; baseline -0.02 -1"><span class='ocrx_word' id='word_1_263' title='bbox 282 3197 434 3259; x_wconf 89' lang='lat' dir='ltr'><em>continet.</em></span> 
     </span>
    </p>
   </div>
   <div class='ocr_carea' id='block_1_8' title="bbox 272 3294 1405 3885">
    <p class='ocr_par' dir='ltr' id='par_1_9' title="bbox 272 3294 1405 3885">
     <span class='ocr_line' id='line_1_34' title="bbox 369 3294 1403 3381; baseline 0 -19"><span class='ocrx_word' id='word_1_264' title='bbox 369 3295 432 3363; x_wconf 79' lang='lat'><em>02.</em></span> <span class='ocrx_word' id='word_1_265' title='bbox 482 3294 590 3361; x_wconf 75' lang='lat' dir='ltr'><em>occec</em></span> <span class='ocrx_word' id='word_1_266' title='bbox 614 3295 905 3363; x_wconf 80' lang='lat' dir='ltr'><em>Bruuellensis</em></span> <span class='ocrx_word' id='word_1_267' title='bbox 934 3320 986 3361; x_wconf 88' lang='lat' dir='ltr'><em>nr.</em></span> <span class='ocrx_word' id='word_1_268' title='bbox 1010 3296 1084 3378; x_wconf 89' lang='grc'><strong>467,</strong></span> <span class='ocrx_word' id='word_1_269' title='bbox 1123 3298 1172 3360; x_wconf 87' lang='lat' dir='ltr'><em>ita</em></span> <span class='ocrx_word' id='word_1_270' title='bbox 1201 3299 1403 3381; x_wconf 85' lang='lat' dir='ltr'><em>inscriptus:</em></span> 
     </span>
     <span class='ocr_line' id='line_1_35' title="bbox 281 3378 1405 3468; baseline 0 -23"><span class='ocrx_word' id='word_1_271' title='bbox 281 3379 380 3446; x_wconf 86' lang='lat' dir='ltr'><em>Liber</em></span> <span class='ocrx_word' id='word_1_272' title='bbox 408 3378 524 3445; x_wconf 82' lang='lat' dir='ltr'><em>Sancte</em></span> <span class='ocrx_word' id='word_1_273' title='bbox 552 3379 654 3445; x_wconf 81' lang='lat' dir='ltr'><em>Mario</em></span> <span class='ocrx_word' id='word_1_274' title='bbox 682 3380 717 3444; x_wconf 92' lang='lat' dir='ltr'><em>in</em></span> <span class='ocrx_word' id='word_1_275' title='bbox 745 3380 943 3468; x_wconf 84' lang='lat' dir='ltr'><em>Aquisgrani</em></span> <span class='ocrx_word' id='word_1_276' title='bbox 971 3390 1004 3446; x_wconf 86' lang='lat' dir='ltr'><em>ot</em></span> <span class='ocrx_word' id='word_1_277' title='bbox 1029 3380 1255 3445; x_wconf 82' lang='lat' dir='ltr'><em>canonicorum</em></span> <span class='ocrx_word' id='word_1_278' title='bbox 1281 3380 1405 3446; x_wconf 79' lang='lat' dir='ltr'><em>Ibidem</em></span> 
     </span>
     <span class='ocr_line' id='line_1_36' title="bbox 282 3462 1404 3547; baseline 0.001 -19"><span class='ocrx_word' id='word_1_279' title='bbox 282 3465 490 3528; x_wconf 86' lang='lat' dir='ltr'><em>manentium.</em></span> <span class='ocrx_word' id='word_1_280' title='bbox 539 3464 605 3545; x_wconf 79' lang='lat' dir='ltr'><em>Qui</em></span> <span class='ocrx_word' id='word_1_281' title='bbox 633 3462 801 3529; x_wconf 84' lang='lat' dir='ltr'><em>abstulerit</em></span> <span class='ocrx_word' id='word_1_282' title='bbox 829 3464 1000 3530; x_wconf 84' lang='lat' dir='ltr'><em>anathema</em></span> <span class='ocrx_word' id='word_1_283' title='bbox 1028 3466 1077 3547; x_wconf 83' lang='lat' dir='ltr'><em>sit,</em></span> <span class='ocrx_word' id='word_1_284' title='bbox 1103 3466 1232 3529; x_wconf 89' lang='lat' dir='ltr'><em>membr.</em></span> <span class='ocrx_word' id='word_1_285' title='bbox 1261 3489 1286 3530; x_wconf 92' lang='lat' dir='ltr'><em>s.</em></span> <span class='ocrx_word' id='word_1_286' title='bbox 1308 3464 1404 3530; x_wconf 88' lang='lat' dir='ltr'>XIII.</span> 
     </span>
     <span class='ocr_line' id='line_1_37' title="bbox 282 3547 1404 3633; baseline 0 -19"><span class='ocrx_word' id='word_1_287' title='bbox 282 3549 389 3614; x_wconf 91' lang='lat' dir='ltr'><em>medio</em></span> <span class='ocrx_word' id='word_1_288' title='bbox 410 3549 541 3632; x_wconf 85' lang='lat' dir='ltr'><em>duabus</em></span> <span class='ocrx_word' id='word_1_289' title='bbox 562 3547 723 3613; x_wconf 89' lang='lat' dir='ltr'><em>columnis</em></span> <span class='ocrx_word' id='word_1_290' title='bbox 745 3573 812 3614; x_wconf 89' lang='grc'><em>000</em></span> <span class='ocrx_word' id='word_1_291' title='bbox 835 3574 906 3614; x_wconf 88' lang='grc'><em>000</em></span> <span class='ocrx_word' id='word_1_292' title='bbox 927 3573 1031 3614; x_wconf 91' lang='lat' dir='ltr'><em>manu</em></span> <span class='ocrx_word' id='word_1_293' title='bbox 1052 3550 1206 3633; x_wconf 86' lang='lat' dir='ltr'><em>scriptus,</em></span> <span class='ocrx_word' id='word_1_294' title='bbox 1228 3573 1318 3614; x_wconf 90' lang='lat' dir='ltr'><em>nunc</em></span> <span class='ocrx_word' id='word_1_295' title='bbox 1342 3551 1404 3614; x_wconf 90' lang='grc'><em>159</em></span> 
     </span>
     <span class='ocr_line' id='line_1_38' title="bbox 272 3631 1404 3718; baseline 0 -21"><span class='ocrx_word' id='word_1_296' title='bbox 272 3631 378 3718; x_wconf 89' lang='lat' dir='ltr'><em>foliis</em></span> <span class='ocrx_word' id='word_1_297' title='bbox 400 3642 534 3713; x_wconf 88' lang='lat' dir='ltr'><em>constat,</em></span> <span class='ocrx_word' id='word_1_298' title='bbox 556 3633 613 3696; x_wconf 91' lang='lat' dir='ltr'><em>sed</em></span> <span class='ocrx_word' id='word_1_299' title='bbox 634 3655 790 3718; x_wconf 78' lang='lat' dir='ltr'><em>mapnam</em></span> <span class='ocrx_word' id='word_1_300' title='bbox 809 3635 906 3699; x_wconf 90' lang='lat' dir='ltr'><em>initio</em></span> <span class='ocrx_word' id='word_1_301' title='bbox 928 3634 1022 3698; x_wconf 89' lang='lat' dir='ltr'><em>babet</em></span> <span class='ocrx_word' id='word_1_302' title='bbox 1042 3631 1207 3715; x_wconf 89' lang='lat' dir='ltr'><em>lacunam,</em></span> <span class='ocrx_word' id='word_1_303' title='bbox 1236 3658 1308 3698; x_wconf 89' lang='lat' dir='ltr'><em>cum</em></span> <span class='ocrx_word' id='word_1_304' title='bbox 1355 3643 1404 3700; x_wconf 90' lang='lat' dir='ltr'><em>ost</em></span> 
     </span>
     <span class='ocr_line' id='line_1_39' title="bbox 272 3657 1403 3804; baseline -0.001 -22"><span class='ocrx_word' id='word_1_305' title='bbox 272 3715 341 3803; x_wconf 85' lang='lat' dir='ltr'><em>fol.</em></span> <span class='ocrx_word' id='word_1_306' title='bbox 366 3717 409 3779; x_wconf 71' lang='lat'><em>1⁸.</em></span> <span class='ocrx_word' id='word_1_307' title='bbox 430 3726 459 3779; x_wconf 93' lang='lat' dir='ltr'><em>et</em></span> <span class='ocrx_word' id='word_1_308' title='bbox 483 3719 510 3796; x_wconf 94' lang='grc'><strong>1,</strong></span> <span class='ocrx_word' id='word_1_309' title='bbox 543 3717 602 3800; x_wconf 81' lang='lat' dir='ltr'><em>qui</em></span> <span class='ocrx_word' id='word_1_310' title='bbox 623 3717 753 3781; x_wconf 87' lang='lat' dir='ltr'><em>inuersa</em></span> <span class='ocrx_word' id='word_1_311' title='bbox 776 3717 891 3782; x_wconf 90' lang='lat' dir='ltr'><em>ordine</em></span> <span class='ocrx_word' id='word_1_312' title='bbox 913 3721 1148 3804; x_wconf 83' lang='lat' dir='ltr'><em>compapinata</em></span> <span class='ocrx_word' id='word_1_313' title='bbox 1175 3726 1261 3800; x_wconf 84' lang='lat' dir='ltr'><em>sunt,</em></span> <span class='ocrx_word' id='word_1_314' title='bbox 1284 3657 1352 3803; x_wconf 70' lang='lat' dir='ltr'><em>foi</em></span> <span class='ocrx_word' id='word_1_315' title='bbox 1373 3718 1403 3781; x_wconf 92' lang='grc'><em>2.</em></span> 
     </span>
     <span class='ocr_line' id='line_1_40' title="bbox 282 3801 1404 3885; baseline 0.002 -21"><span class='ocrx_word' id='word_1_316' title='bbox 282 3811 425 3885; x_wconf 90' lang='lat' dir='ltr'><em>tempore</em></span> <span class='ocrx_word' id='word_1_317' title='bbox 460 3801 631 3865; x_wconf 80' lang='lat' dir='ltr'><em>Samsonis</em></span> <span class='ocrx_word' id='word_1_318' title='bbox 666 3801 789 3865; x_wconf 89' lang='lat' dir='ltr'><em>iudicis</em></span> <span class='ocrx_word' id='word_1_319' title='bbox 822 3802 961 3884; x_wconf 73' lang='lat' dir='ltr'><em>(uerbiss</em></span> <span class='ocrx_word' id='word_1_320' title='bbox 996 3801 1155 3866; x_wconf 83' lang='lat' dir='ltr'><em>Ascanius</em></span> <span class='ocrx_word' id='word_1_321' title='bbox 1187 3813 1295 3868; x_wconf 83' lang='lat' dir='ltr'><em>autom</em></span> <span class='ocrx_word' id='word_1_322' title='bbox 1328 3824 1404 3867; x_wconf 88' lang='lat' dir='ltr'><em>oum</em></span> 
     </span>
    </p>
   </div>
   <div class='ocr_carea' id='block_1_9' title="bbox 283 3884 1407 3986">
    <p class='ocr_par' dir='ltr' id='par_1_10' title="bbox 283 3884 1407 3986">
     <span class='ocr_line' id='line_1_41' title="bbox 283 3884 1407 3986; baseline 0.004 -38"><span class='ocrx_word' id='word_1_323' title='bbox 283 3893 451 3986; x_wconf 61' lang='lat' dir='ltr'><em>regnasset</em></span> <span class='ocrx_word' id='word_1_324' title='bbox 471 3885 579 3965; x_wconf 85' lang='lat' dir='ltr'><em>annis)</em></span> <span class='ocrx_word' id='word_1_325' title='bbox 604 3884 740 3966; x_wconf 77' lang='lat' dir='ltr'><em>desinat,</em></span> <span class='ocrx_word' id='word_1_326' title='bbox 758 3886 793 3971; x_wconf 86' lang='lat' dir='ltr'><em>f.</em></span> <span class='ocrx_word' id='word_1_327' title='bbox 814 3886 846 3950; x_wconf 88' lang='lat'><em>3.</em></span> <span class='ocrx_word' id='word_1_328' title='bbox 869 3910 900 3953; x_wconf 90' lang='lat' dir='ltr'><em>a.</em></span> <span class='ocrx_word' id='word_1_329' title='bbox 922 3886 995 3951; x_wconf 90' lang='grc'><strong>583.</strong></span> <span class='ocrx_word' id='word_1_330' title='bbox 1021 3889 1059 3950; x_wconf 91' lang='lat' dir='ltr'><em>in</em></span> <span class='ocrx_word' id='word_1_331' title='bbox 1082 3888 1223 3952; x_wconf 85' lang='lat' dir='ltr'><em>bistoria</em></span> <span class='ocrx_word' id='word_1_332' title='bbox 1240 3888 1407 3953; x_wconf 84' lang='lat' dir='ltr'><em>Mauricii</em></span> 
     </span>
    </p>
   </div>
   <div class='ocr_carea' id='block_1_10' title="bbox 283 3969 1406 4310">
    <p class='ocr_par' dir='ltr' id='par_1_11' title="bbox 283 3969 1406 4310">
     <span class='ocr_line' id='line_1_42' title="bbox 285 3969 1404 4055; baseline 0.003 -22"><span class='ocrx_word' id='word_1_333' title='bbox 285 3971 496 4055; x_wconf 80' lang='lat' dir='ltr'><em>imperatoris</em></span> <span class='ocrx_word' id='word_1_334' title='bbox 535 3977 629 4055; x_wconf 71' lang='lat' dir='ltr'><em>eaput</em></span> <span class='ocrx_word' id='word_1_335' title='bbox 667 3970 754 4055; x_wconf 89' lang='lat' dir='ltr'><em>quod</em></span> <span class='ocrx_word' id='word_1_336' title='bbox 768 3969 862 4032; x_wconf 82' lang='lat' dir='ltr'><em>annis</em></span> <span class='ocrx_word' id='word_1_337' title='bbox 877 3971 928 4034; x_wconf 91' lang='grc'><em>21.</em></span> <span class='ocrx_word' id='word_1_338' title='bbox 961 3969 1025 4034; x_wconf 87' lang='lat' dir='ltr'><em>Hie</em></span> <span class='ocrx_word' id='word_1_339' title='bbox 1047 3971 1076 4035; x_wconf 93' lang='grc'><em>2.</em></span> <span class='ocrx_word' id='word_1_340' title='bbox 1098 3972 1141 4035; x_wconf 90' lang='lat' dir='ltr'><em>im</em></span> <span class='ocrx_word' id='word_1_341' title='bbox 1168 3972 1225 4036; x_wconf 84' lang='lat' dir='ltr'><em>orii</em></span> <span class='ocrx_word' id='word_1_342' title='bbox 1247 3972 1297 4036; x_wconf 85' lang='lat' dir='ltr'><em>sui</em></span> <span class='ocrx_word' id='word_1_343' title='bbox 1319 3993 1404 4036; x_wconf 85' lang='lat' dir='ltr'><em>anno</em></span> 
     </span>
     <span class='ocr_line' id='line_1_43' title="bbox 284 3991 1405 4138; baseline 0.002 -20"><span class='ocrx_word' id='word_1_344' title='bbox 284 4051 397 4118; x_wconf 81' lang='lat' dir='ltr'><em>consul</em></span> <span class='ocrx_word' id='word_1_345' title='bbox 411 3991 589 4138; x_wconf 67' lang='lat' dir='ltr'><em>appellitae</em></span> <span class='ocrx_word' id='word_1_346' title='bbox 604 4063 660 4118; x_wconf 91' lang='lat' dir='ltr'><em>eto.</em></span> <span class='ocrx_word' id='word_1_347' title='bbox 678 4101 686 4117; x_wconf 97' lang='lat'><em>.</em></span> <span class='ocrx_word' id='word_1_348' title='bbox 728 4054 828 4118; x_wconf 88' lang='lat' dir='ltr'><em>Liber</em></span> <span class='ocrx_word' id='word_1_349' title='bbox 846 4054 972 4118; x_wconf 89' lang='lat' dir='ltr'><em>Ottonis</em></span> <span class='ocrx_word' id='word_1_350' title='bbox 987 4056 1117 4120; x_wconf 89' lang='lat' dir='ltr'><em>scabini</em></span> <span class='ocrx_word' id='word_1_351' title='bbox 1131 3994 1251 4121; x_wconf 65' lang='lat' dir='ltr'><em>dussis</em></span> <span class='ocrx_word' id='word_1_352' title='bbox 1273 4059 1405 4121; x_wconf 89' lang='lat' dir='ltr'><em>nomine</em></span> 
     </span>
     <span class='ocr_line' id='line_1_44' title="bbox 283 4135 1406 4225; baseline 0 -23"><span class='ocrx_word' id='word_1_353' title='bbox 283 4139 482 4223; x_wconf 88' lang='lat' dir='ltr'><em>conspicuus</em></span> <span class='ocrx_word' id='word_1_354' title='bbox 498 4144 515 4222; x_wconf 87' lang='lat'><em>(</em></span> <span class='ocrx_word' id='word_1_355' title='bbox 515 4161 544 4202; x_wconf 89' lang='grc'><em>0.</em></span> <span class='ocrx_word' id='word_1_356' title='bbox 562 4135 672 4221; x_wconf 90' lang='lat' dir='ltr'><em>infra)</em></span> <span class='ocrx_word' id='word_1_357' title='bbox 688 4139 819 4202; x_wconf 90' lang='lat' dir='ltr'><em>duabus</em></span> <span class='ocrx_word' id='word_1_358' title='bbox 835 4148 960 4204; x_wconf 90' lang='lat' dir='ltr'><em>constat</em></span> <span class='ocrx_word' id='word_1_359' title='bbox 973 4140 1135 4224; x_wconf 85' lang='lat' dir='ltr'><em>partibus,</em></span> <span class='ocrx_word' id='word_1_360' title='bbox 1151 4162 1293 4225; x_wconf 81' lang='lat' dir='ltr'><em>quarum</em></span> <span class='ocrx_word' id='word_1_361' title='bbox 1303 4142 1406 4224; x_wconf 84' lang='lat' dir='ltr'><em>prior</em></span> 
     </span>
     <span class='ocr_line' id='line_1_45' title="bbox 285 4222 1405 4310; baseline 0.004 -24"><span class='ocrx_word' id='word_1_362' title='bbox 285 4222 505 4310; x_wconf 77' lang='lat' dir='ltr'><em>neplipentius</em></span> <span class='ocrx_word' id='word_1_363' title='bbox 532 4225 657 4306; x_wconf 90' lang='lat' dir='ltr'><em>scripta</em></span> <span class='ocrx_word' id='word_1_364' title='bbox 687 4246 760 4287; x_wconf 93' lang='lat' dir='ltr'><em>cum</em></span> <span class='ocrx_word' id='word_1_365' title='bbox 781 4223 845 4287; x_wconf 91' lang='lat' dir='ltr'><em>Bl</em></span> <span class='ocrx_word' id='word_1_366' title='bbox 880 4224 998 4309; x_wconf 82' lang='lat' dir='ltr'><em>ubique</em></span> <span class='ocrx_word' id='word_1_367' title='bbox 1025 4226 1075 4288; x_wconf 93' lang='lat' dir='ltr'><em>ita</em></span> <span class='ocrx_word' id='word_1_368' title='bbox 1102 4227 1268 4304; x_wconf 83' lang='lat' dir='ltr'><em>convenit,</em></span> <span class='ocrx_word' id='word_1_369' title='bbox 1301 4234 1337 4288; x_wconf 92' lang='lat' dir='ltr'><em>ut</em></span> <span class='ocrx_word' id='word_1_370' title='bbox 1364 4249 1405 4290; x_wconf 83' lang='lat' dir='ltr'><em>ecc</em></span> 
     </span>
    </p>
   </div>
   <div class='ocr_carea' id='block_1_11' title="bbox 0 0 1485 4998">
    <p class='ocr_par' dir='ltr' id='par_1_12' title="bbox 0 0 1485 4998">
     <span class='ocr_line' id='line_1_46' title="bbox 0 0 1485 4998; baseline 0 0"><span class='ocrx_word' id='word_1_371' title='bbox 0 0 1485 4998; x_wconf 95' lang='lat' dir='ltr'><em> </em></span> 
     </span>
    </p>
   </div>
   <div class='ocr_carea' id='block_1_12' title="bbox 1465 2513 1475 4872">
    <p class='ocr_par' dir='ltr' id='par_1_13' title="bbox 1465 2513 1475 4872">
     <span class='ocr_line' id='line_1_47' title="bbox 1465 2513 1475 4872; baseline 0 0"><span class='ocrx_word' id='word_1_372' title='bbox 1465 2513 1475 4872; x_wconf 95' lang='lat' dir='ltr'><em> </em></span> 
     </span>
    </p>
   </div>
  </div>
 </body>
</html>
