2934 4998
126 390 317 443 ennomus
335 388 450 441 Ruunt
470 389 721 442 COLONIENSIS.
742 390 846 442 OONT.
855 391 907 443 111.
927 390 959 442 A.
971 391 1051 444 1218.
1114 392 1168 444 att

445 562 611 615 Recenaio
631 563 655 616 I.
675 572 704 616 et
722 565 765 617 II.

46 658 198 723 occupavit
214 657 351 719 incautos;
371 655 501 707 natabant
518 657 641 718 tentoria,
666 658 802 721 perierunt
821 657 939 723 cybaria,
963 663 991 709 et
1010 659 1062 709 uisi
1081 657 1165 709 fossa·
1179 668 1236 710 olto.

43 736 102 782 turn
122 726 310 797 [extitisset⁸],
337 728 407 796 quod
434 728 472 779 ad
498 728 718 780 muniendum
743 747 776 780 se
802 729 930 794 fecerant,
957 732 1079 782 homines
1106 747 1166 782 cnm

44 805 186 866 iumentis,
204 820 287 854 naves
307 819 367 854 cum
386 804 466 854 armis
492 809 519 853 et
537 801 700 854 victualibus
727 805 886 856 detraxisset
910 804 944 855 ad
970 806 1069 856 hostes.
1107 805 1166 856 Nec

44 884 137 928 tamen
159 877 212 927 hoo
230 877 378 943 periculum
393 882 534 927 evaserunt
548 882 661 941 quatuor
675 873 840 938 cocoonesl’,
854 893 933 944 super
953 895 1019 944 qnos
1040 877 1166 929 edificata

42 951 153 1002 fuerant
180 949 382 1017 propugnacula
406 949 441 998 ad
471 949 630 1016 capiendam
656 950 801 1012 civitatem,
831 952 876 1017 qui
899 967 952 1003 uno
977 953 1079 1017 impetu
1105 967 1166 1002 cnm

44 1027 141 1090 quinta
161 1025 236 1087 navi,
256 1040 325 1090 qnae
344 1026 415 1073 inter
434 1039 480 1074 eos
499 1023 618 1086 herebat,
638 1023 673 1072 ad
699 1024 848 1090 oppositam
872 1026 955 1091 ripam
980 1027 1007 1075 vi
1026 1031 1166 1076 ventorum

42 1099 214 1164 precipitati,
239 1105 301 1149 ante
320 1095 412 1148 oculos
432 1113 521 1148 eorum
542 1103 604 1148 sunt
621 1098 685 1161 igne
705 1097 792 1148 Greoo
813 1098 944 1150 conbusti.
983 1099 1047 1150 Post
1067 1097 1166 1148 dictam

44 1176 236 1237 tempestatem
251 1187 333 1222 naves
353 1171 517 1237 parabantur
536 1170 570 1219 ad
590 1171 729 1220 transitum
748 1171 877 1232 fluminis;
898 1187 967 1237 quae
989 1187 1048 1222 oum
1068 1187 1165 1236 magno

42 1244 166 1311 periculo
181 1261 284 1296 sursum
298 1244 482 1307 ascendentes,
497 1245 567 1294 inter
581 1245 735 1294 civitatemc
753 1250 779 1294 et
792 1246 884 1296 turrim
899 1252 1004 1312 captam
1019 1239 1166 1294 machinisd

44 1324 70 1368 et
92 1318 160 1382 igue
188 1319 275 1370 Greco
299 1323 326 1368 et
349 1317 445 1369 iaculis
468 1317 609 1384 plurimum
633 1322 695 1367 sunt
711 1318 858 1384 inpeditae.
901 1319 979 1369 Unde
1005 1319 1114 1379 accidit,
1137 1322 1168 1369 ut

44 1406 96 1441 una
114 1393 196 1443 navis
216 1390 426 1458 Templariorum
445 1393 473 1441 vi
491 1392 615 1441 torrentis
634 1396 712 1456 rapta
719 1397 741 1451 θ,
760 1407 843 1458 prope
861 1394 946 1458 ripam
971 1391 1087 1442 civitatis
1106 1406 1167 1456 pre-

44 1466 205 1530 cipitaretur
229 1464 264 1514 ad
289 1465 393 1528 hostes3
413 1466 460 1531 qui
479 1480 538 1515 oum
557 1465 676 1514 barbatis
696 1471 724 1515 et
741 1469 817 1515 uncis
836 1466 929 1517 ferreis
951 1465 1168 1532 inpugnaverunt

44 1554 101 1588 eam
114 1537 228 1601 diutins,
241 1539 330 1603 ignem
346 1538 460 1589 Grecum
474 1553 534 1588 cnm
547 1537 682 1603 lapidibus
696 1537 812 1602 desuper
823 1540 984 1605 proicientes
996 1538 1029 1587 de
1040 1539 1167 1590 turribus.

44 1611 77 1662 Et
96 1627 158 1662 cum
180 1612 221 1662 sio
240 1611 378 1677 prevalere
392 1627 445 1661 non
458 1617 568 1677 possent
578 1616 686 1677 propter
700 1610 867 1663 defensorum
885 1611 1030 1672 audatiam,
1045 1613 1166 1662 certatim

44 1700 138 1735 navem
159 1684 348 1748 ascendentes,
367 1686 510 1750 precipites
535 1687 563 1734 in
593 1678 671 1735 earnl
696 1683 911 1736 descenderuntt
936 1687 971 1736 ad
990 1685 1166 1751 Templarios.

45 1757 131 1821 Unde,
153 1774 217 1808 cum
236 1757 334 1809 diutins
353 1763 523 1824 pugnaretur,
542 1758 649 1808 tandem
670 1760 746 1808 navis
765 1758 906 1824 perforata,
927 1760 983 1809 sive
997 1758 1030 1808 ab
1045 1757 1165 1809 hostibus

44 1832 99 1882 eive
119 1847 137 1881 a
155 1832 184 1881 fi
195 1831 289 1881 delib
300 1848 338 1882 ns
357 1833 486 1882 incertum
508 1837 556 1891 est,
576 1831 735 1898 profundum
748 1833 834 1897 petiit,
848 1831 1021 1898 submergens
1032 1830 1164 1896 Egyptios

46 1920 103 1954 cum
129 1905 293 1968 christianis,
322 1905 392 1955 adeo
416 1911 445 1955 ut
473 1907 518 1955 vix
546 1907 684 1955 summitas
713 1905 777 1954 mali
801 1911 943 1971 appareret
967 1921 1046 1972 snper
1071 1920 1165 1970 aquas.

46 1978 149 2028 Exinde
163 1983 275 2044 pontem
292 1979 411 2029 hostes
424 1985 587 2045 reparantes,
601 1984 751 2044 aperturam
765 1978 833 2028 adeo
843 1978 1007 2044 reliquerunt
1016 1984 1165 2043 angustam,

46 2056 73 2101 ut
90 2067 175 2102 naves
197 2051 358 2102 fidelium
379 2053 436 2102 sine
455 2052 575 2118 periculo
594 2053 706 2102 transire
726 2067 777 2101 non
803 2057 920 2117 possent.
964 2052 1057 2102 Unde
1077 2052 1165 2102 Tbeu·

45 2125 126 2174 tonici
153 2119 204 2176 eth
229 2121 375 2176 Fresonesi
401 2124 542 2190 indignati,
570 2124 740 2176 auxiliante
760 2126 828 2175 Deo
853 2132 961 2191 pontem
987 2125 1100 2175 viriliter
1124 2126 1165 2174 in·

46 2205 180 2248 vaserunt.
219 2199 364 2250 Pauciores
384 2206 471 2248 autern
491 2200 541 2248 viri
561 2214 639 2264 qnam
660 2199 753 2248 decem
774 2197 807 2248 de
827 2205 907 2264 gente
927 2199 1048 2265 predicta
1073 2203 1165 2248 contra

46 2287 148 2322 omnem
168 2272 352 2323 fortitudinem
373 2271 572 2322 Babiloniorum
598 2278 705 2338 pontem
730 2272 916 2333 ascendentes,
940 2272 1075 2336 fregerunt
1100 2287 1163 2322 eun·

48 2343 114 2409 dem,
135 2352 163 2396 et
183 2347 223 2396 sio
244 2361 302 2396 cum
323 2351 436 2412 quatuor
454 2347 575 2407 navibus,
594 2361 674 2412 super
687 2361 753 2411 quas
766 2361 832 2410 pons
846 2353 903 2396 crat
917 2345 1051 2409 fundatus,
1064 2346 1164 2396 reversi

47 2424 104 2468 sunt
124 2435 186 2469 cum
206 2420 348 2485 triumpho,
367 2419 480 2468 liberam
498 2421 569 2468 viam
584 2424 610 2469 et
623 2424 742 2484 apertam
757 2434 859 2470 sursum
873 2417 1069 2469 velificantibus
1082 2419 1163 2468 relin-

48 2498 167 2556 quentes.
205 2493 256 2543 His
275 2495 313 2543 ita
332 2493 425 2558 gestis,
445 2493 585 2543 sarraceni
604 2491 752 2558 periculum
771 2492 842 2558 quod
857 2493 895 2543 eie
908 2493 1065 2543 imminebat
1078 2497 1163 2543 atten-

48 2563 148 2628 dentes,
167 2568 254 2632 ripam
275 2568 313 2616 eis
333 2568 481 2632 oppositam
501 2566 607 2616 fossatis
628 2571 654 2616 et
673 2565 800 2630 argillosa
814 2567 925 2616 materia
939 2581 997 2617 oum
1012 2581 1163 2632 propugna-

50 2636 113 2689 culis
136 2638 236 2704 ligneis
261 2639 324 2690 altis
348 2641 507 2702 munierunt,
532 2639 670 2690 machinas
697 2645 723 2689 ct
745 2642 876 2706 petrarias
906 2639 1026 2690 locantes
1054 2639 1163 2689 ibidem.

48 2709 96 2760 Per
114 2713 224 2763 fluvium
245 2719 334 2763 antem
352 2715 459 2763 navium
480 2708 664 2763 emersionesk
682 2713 803 2763 fecerunt
828 2729 887 2763 cum
910 2713 980 2779 palis
999 2711 1086 2764 infixis
1101 2729 1164 2778 gur·

50 2784 103 2848 giti,
128 2787 288 2836 transeundi
314 2789 352 2837 eis
376 2802 450 2852 spem
476 2786 636 2837 auferentes.
673 2785 869 2838 Nichilominus
896 2786 1062 2852 apostolicae
1088 2787 1162 2838 sedis

50 2854 150 2921 legatus
171 2860 334 2910 desiderium
353 2860 450 2910 bonum
476 2859 578 2910 habens
603 2858 745 2910 obsidendi
766 2861 911 2922 civitatem,
938 2875 1019 2910 naves
1043 2861 1164 2925 superius

51 2939 225 2998 congregatas
250 2934 365 2998 urgebat
392 2933 426 2982 ad
452 2934 601 2984 transitum.
643 2933 722 2984 Unde
749 2947 879 2984 oocoones
904 2932 1112 2999 propugnaculis
1138 2937 1165 2982 et

52 3005 203 3070 castellulis,
222 3007 286 3058 viris
310 3007 373 3056 etim
398 3008 507 3057 armatis
535 3007 640 3067 muniti,
667 3006 773 3057 Christo
799 3006 867 3056 duco
893 3008 1030 3072 predictas
1056 3008 1164 3057 navium

52 3075 231 3130 emersiouesl¹
258 3086 408 3131 evaserunt.
456 3081 557 3130 Hostes
581 3094 645 3130 vero
677 3080 843 3130 dissimulato
870 3085 942 3129 metu
972 3084 1025 3129 tres
1057 3078 1164 3130 ordines

52 3157 207 3203 armatorum
226 3149 348 3204 stationil
368 3158 614 3219 contraposuerunt,
626 3154 724 3204 ictibus
738 3152 857 3218 lapidum
872 3158 898 3202 et
910 3151 1025 3203 telorum
1041 3152 1163 3218 plurimis

54 3236 95 3273 eos
108 3233 245 3277 vexantes.
265 3227 335 3277 Sane
349 3233 427 3277 nocte
444 3233 555 3277 sanctae
567 3226 690 3291 Agathae
703 3228 815 3291 virginis
825 3227 899 3276 Deus
912 3228 1043 3276 innovans
1057 3226 1162 3276 virtutis
1173 3235 1264 3278 secra.

53 3310 112 3347 snae
132 3298 270 3362 miracula,
288 3306 391 3351 tantum
411 3315 536 3366 pavorem
556 3299 666 3351 soldano
679 3300 843 3366 Babylonis¹
867 3306 894 3350 et
911 3300 1025 3365 satrapis
1046 3300 1103 3349 eius
1122 3299 1162 3348 in·

55 3372 137 3438 cussit,
157 3380 195 3434 ut,
208 3372 309 3424 relictis
330 3375 432 3435 eastris,
451 3373 637 3438 ignorantibus
653 3375 733 3423 etiam
744 3373 877 3440 Egyptiis,
897 3388 964 3438 qnos
983 3372 1018 3422 ad
1037 3373 1162 3422 resisten-

54 3439 111 3492 dum
136 3446 315 3506 ordinaverat,
340 3449 367 3496 iu
396 3446 454 3498 sola
477 3447 542 3512 fuga
566 3463 641 3513 spem
666 3453 787 3512 poneret.
830 3445 945 3508 Quidam
965 3450 1097 3511 apostata,
1117 3445 1163 3510 qni

55 3514 131 3568 multo
149 3525 268 3586 tempore
281 3520 370 3585 legem
384 3521 587 3571 christianorum
600 3525 779 3586 transgressus
794 3535 853 3569 oum
867 3519 979 3569 soldano
993 3518 1162 3578 militaverat,

55 3591 122 3642 stans
135 3593 190 3642 inln
203 3595 263 3659 ripa
275 3593 545 3662 clamabatGallioess
558 3593 657 3657 legato,
671 3595 745 3658 regi
765 3600 797 3644 et
815 3592 898 3643 aliis
917 3593 1030 3657 fugam
1051 3607 1163 3642 eorum

56 3667 226 3718 nuntians.
276 3668 370 3733 Itaque
395 3667 558 3732 fugientibus
583 3668 715 3732 Egyptiis,
746 3666 957 3716 christiani⁰
984 3667 1106 3716 certatim
1137 3669 1164 3715 et

57 3732 174 3790 alacriter
193 3741 295 3806 absque
315 3741 387 3792 omni
405 3740 599 3806 impedimento
618 3741 734 3790 hostium
749 3745 776 3790 et
788 3741 926 3804 sanguinis
945 3741 1059 3806 inpensa
1078 3743 1162 3788 trans·

56 3806 149 3876 ierunt3
176 3816 256 3864 etsio
282 3831 330 3880 per
354 3830 447 3880 gyrum
475 3829 515 3863 ac
540 3812 650 3863 firmiter
677 3813 787 3864 obsessa
806 3817 847 3864 est
866 3815 971 3864 civitas.
1014 3813 1164 3876 Direpta

58 3889 129 3934 suut
138 3888 215 3937 etiam
229 3887 387 3952 fugientium
400 3889 514 3938 tentoria
528 3894 555 3938 et
567 3888 707 3938 universae
720 3902 802 3936 naves
816 3901 875 3936 cum
888 3886 1012 3952 plurim
1023 3886 1051 3936 is
1061 3883 1163 3950 spoliis.

58 3951 204 4011 Posthac
217 3960 377 4012 adveniente
389 3960 543 4012 Coracinus
554 3977 618 4026 rege
633 3976 691 4011 cnm
701 3959 823 4025 Alapinis
837 3965 864 4010 et
875 3974 973 4024 magna
986 3957 1164 4021 multitudine,

59 4059 80 4112 ⁸)
95 4069 205 4111 extitisset
218 4071 322 4120 supplevit
337 4070 374 4120 P.,·
389 4071 444 4109 deest
459 4071 483 4109 in
497 4069 570 4120 codd„·
586 4070 631 4110 nlsl
647 4094 653 4107 .
670 4100 675 4110 .
692 4073 746 4109 ante
761 4069 877 4119 provisum
893 4069 972 4108 fuisset
986 4067 1011 4107 ln
1028 4067 1113 4107 fossato
1131 4066 1164 4107 Οἱ.

60 4118 81 4169 h)
102 4135 213 4176 ooggones
236 4130 277 4171 01.
370 4128 391 4180 o)
416 4131 459 4170 civ.
483 4131 507 4169 in
529 4129 625 4178 muratae
647 4129 719 4168 eudem
740 4138 807 4167 mnas
828 4128 899 4177 mppl.
916 4128 968 4178 Bl,
992 4126 1030 4166 ubi
1055 4129 1078 4166 et
1100 4126 1163 4167 decet.

59 4177 81 4230 d)
95 4188 203 4228 machinis
218 4192 241 4229 et
255 4189 298 4230 dea.
316 4190 357 4230 01.
374 4190 395 4229 2.
456 4187 479 4239 e)
494 4189 546 4238 ripa
561 4188 601 4228 01.
620 4188 640 4227 2.
699 4187 766 4237 fleas
780 4199 838 4228 eurr.
855 4197 905 4226 eam
921 4186 970 4225 Bl.
1031 4184 1054 4236 g)
1072 4185 1165 4226 descen·

61 4239 134 4283 denne
147 4249 205 4288 codd.
270 4245 294 4299 h)
311 4249 366 4287 dccet
382 4248 425 4288 01.
486 4246 724 4296 l)1=¹risono101.2.
793 4244 817 4297 k)
834 4248 928 4287 inmers.
945 4245 976 4284 Ol.
1035 4242 1053 4296 l)
1070 4245 1164 4286 navium

62 4304 180 4405 nptgtrum
195 4307 243 4348 add.
262 4307 293 4353 01.
354 4305 386 4359 m)
401 4308 456 4347 deut
472 4308 512 4349 02.
573 4304 597 4356 n)
612 4306 637 4345 s'n
652 4306 748 4355 margine
762 4305 890 4355 supptBl.
950 4301 1163 4353 o)0hrlst101.t.

62 4365 75 4404 1³
116 4366 208 4407 orodlno
225 4367 266 4408 01.

65 4449 90 4517 ¹)
109 4455 190 4513 uass
210 4463 238 4513 az
256 4462 360 4514 namu.
