2934 4998
323 425 378 474 244
415 423 602 478 casuales
616 423 728 476 auam
744 423 996 477 collatunnam.
1008 424 1398 478 conr.111.a.1217.1ara.
1448 404 1449 425 i

721 597 890 649 Reoenaio
911 597 935 648 I.
955 607 984 651 et
1003 598 1045 649 Il.

254 692 397 745 ouaeuius
415 691 482 741 situs
502 688 563 740 talis
583 699 637 740 ast:
656 690 884 740 Promunetorium
905 706 1029 754 magnum
1057 697 1085 740 et
1110 689 1191 740 altum
1217 690 1288 741 mari
1312 692 1429 750 imminet,
1456 705 1457 712 ¹

320 766 449 814 munitum
468 762 624 814 naturaliter
642 763 760 828 scopulis
777 779 870 814 versus
892 763 1060 814 oecidentem
1088 769 1116 814 et
1139 770 1256 814 austrum
1283 769 1313 814 et
1338 770 1428 830 septen·
1456 777 1457 820 ι

317 839 440 889 trionem.
478 837 606 888 Modico*
625 841 711 886 terrae
731 838 824 903 spaoio
851 836 950 887 dudum
968 839 1047 888 turris
1067 837 1249 888 adorientem
1276 840 1369 904 posita
1392 845 1430 897 est,

317 910 505 977 aTemplariis
525 910 652 960 edificata
670 925 702 960 ae
721 925 847 977 possessa
865 916 919 961 tam
934 927 1034 960 werrae
1049 927 1128 976 quam
1142 917 1299 976 treugarum
1314 917 1430 976 tempore.

319 985 489 1037 mirantem
507 983 619 1034 fundata
637 989 745 1049 propter
768 983 942 1046 latrunculos,
968 987 1013 1050 qui
1039 985 1067 1033 in
1085 985 1131 1034 via
1154 978 1268 1034 striatab
1292 986 1430 1051 peregrinis
1456 1015 1457 1036 r

317 1057 527 1110 ascendentibus
545 1059 573 1106 in
592 1057 738 1107 Ierusalem
757 1057 966 1121 insidiabantur3
986 1064 1093 1124 propter
1113 1058 1182 1108 hana
1202 1074 1318 1109 eausam
1329 1058 1431 1108 Distrir·

319 1139 375 1183 tum
394 1131 445 1181 fuit
464 1130 657 1197 appellatumss.
685 1131 768 1180 Porro
786 1137 842 1181 toto
861 1131 917 1181 fere
936 1138 1065 1197 tempore,
1085 1147 1137 1197 quo
1152 1137 1266 1182 castrum
1280 1131 1431 1182 Cesariense

318 1205 493 1255 firmaverunt
512 1209 540 1254 et
559 1198 992 1271 consummaverunt‘1‚Teurplarii
1012 1221 1044 1254 ex
1063 1204 1176 1255 adverso
1191 1207 1289 1255 montis
1308 1204 1430 1255 fodientes

321 1284 350 1328 et
369 1279 473 1342 magnis
492 1276 641 1343 sumptibus
659 1276 822 1340 laborantes,
840 1277 949 1328 tandem
970 1279 1004 1328 ad
1023 1280 1225 1329 fundamentum
1245 1280 1365 1345 primurn
1384 1293 1432 1343 per·

319 1358 459 1412 venerunt,
477 1350 524 1400 ubi
543 1367 632 1400 murus
652 1352 778 1416 antiquus
797 1353 929 1417 apparuit,
943 1354 1046 1417 argenti
1060 1368 1166 1417 quoque
1179 1358 1289 1402 moneta
1308 1352 1432 1402 modernis

321 1426 416 1490 ignota
434 1427 462 1473 in
480 1439 545 1474 vase
564 1422 640 1473 fictili
659 1439 712 1474 non
732 1426 851 1487 medioa3
872 1425 971 1476 deinde
994 1428 1022 1474 in
1047 1427 1172 1476 anteriori
1197 1431 1274 1491 parte
1295 1424 1432 1488 fodientes,

318 1499 403 1548 alium
428 1513 531 1548 murum
556 1499 638 1564 priori
661 1497 811 1548 breviorem
835 1499 972 1549 invenere.
1032 1498 1204 1549 Postmodum
1229 1499 1323 1549 fontes
1348 1513 1433 1547 novem
1456 1545 1457 1562 ,

314 1569 410 1636 largas
430 1587 513 1636 aquas
534 1571 700 1623 effundentes
725 1572 812 1637 aperti
837 1579 905 1622 sunt.
934 1572 1041 1622 Ibidem
1055 1573 1135 1622 etiam
1149 1571 1268 1638 lapidum
1285 1579 1315 1622 et
1329 1571 1432 1621 cementi
1456 1565 1457 1636 l

322 1645 427 1711 copiam
446 1645 577 1696 Dominus
596 1646 764 1696 ministravit.
792 1645 862 1696 Ante
880 1645 1001 1696 fernme
1021 1647 1101 1696 castri
1121 1645 1191 1695 duae
1209 1651 1299 1697 turres
1314 1643 1432 1695 edifican-

320 1725 364 1769 tur
383 1717 418 1768 de
437 1717 573 1784 lapidibus
593 1717 701 1784 quadris
720 1724 813 1769 tentae
834 1720 999 1784 quantitatis,
1013 1727 1043 1769 ut
1061 1719 1130 1784 lapis
1148 1735 1216 1769 unus
1235 1721 1281 1769 vix
1302 1735 1320 1768 a
1341 1717 1432 1768 duobus
1456 1771 1457 1786 2

323 1791 426 1842 bubalis
451 1793 480 1841 in
505 1807 582 1842 eurru
607 1793 734 1842 trahatur.
782 1792 934 1857 Longitudo
960 1794 1039 1843 turris
1065 1797 1172 1842 eentum
1196 1791 1281 1858 pedes
1308 1792 1392 1842 habet
1412 1796 1432 1840 et
1456 1813 1457 1816 ¹

321 1865 444 1931 amplius,
470 1864 584 1916 latitudo
609 1866 717 1916 turris
746 1868 916 1932 septuaginta
949 1871 1068 1932 quatuor.
1113 1866 1232 1932 Utraque
1265 1868 1349 1916 turris
1377 1864 1432 1913 duas

320 1940 403 1990 habet
421 1938 578 1998 testudines,
594 1939 740 1989 secundum
767 1955 833 2005 quas
859 1938 972 1990 altitudo
997 1939 1154 2005 disponitur.
1198 1941 1272 1989 Inter
1299 1946 1431 2002 utramque
1456 1991 1457 1994 Ἴ

320 2015 414 2064 turrim
433 2028 522 2063 murus
541 2028 625 2062 novus
645 2017 841 2063 consummatus
867 2017 916 2073 est,
942 2019 969 2063 et
993 2014 1058 2062 miro
1085 2011 1198 2063 artificio
1218 2014 1327 2078 equites
1347 2011 1431 2062 armati
1456 2003 1457 2014 ¹

320 2086 467 2138 ascendere
485 2091 597 2151 possunt
616 2091 643 2135 et
662 2085 826 2136 descendere
845 2102 893 2153 per
909 2085 1008 2151 gradus
1027 2087 1195 2137 intrinsecus.
1225 2087 1366 2137 soldanus
1382 2099 1431 2133 eun

322 2159 490 2209 multitudine
507 2158 713 2210 Sarracenorum
732 2159 786 2210 hoe
807 2166 922 2210 oastrum
941 2159 1110 2225 aggrediens,
1124 2163 1154 2210 ut
1173 2160 1256 2209 inicia
1278 2157 1430 2210 municionis

321 2232 471 2282 destrueret
488 2231 532 2282 vel
558 2239 710 2296 occuparet,
735 2234 831 2282 virtute
850 2234 980 2284 Altissirni
999 2232 1130 2300 repulsus,
1149 2235 1269 2284 recessit.
1319 2233 1429 2282 Castrum

322 2306 373 2356 hoa
401 2305 499 2355 bonnm
528 2305 610 2355 habet
637 2311 750 2372 portum,
778 2307 911 2371 piscariis,
940 2305 1041 2371 salinis,
1067 2308 1183 2374 pascuis,
1209 2308 1281 2370 agris
1309 2304 1430 2358 fertilibus

320 2378 468 2438 habundat,
494 2393 545 2428 nea
569 2385 610 2430 est
634 2377 745 2430 multum
771 2385 899 2430 remotum
924 2397 940 2430 a
965 2386 1056 2430 monte
1082 2380 1179 2430 Tabor.
1221 2380 1303 2430 Unde
1324 2379 1429 2430 ereditur

321 2452 437 2518 quedam
461 2467 543 2502 causa
568 2451 756 2503 destructionis
783 2455 863 2504 castri
883 2454 971 2504 Tabor
990 2454 1023 2504 ab
1049 2455 1115 2520 ipsis
1136 2454 1293 2505 Sarracenis
1323 2443 1429 2508 faetaef,
1455 2489 1457 2512 3

322 2527 385 2591 quia
404 2541 455 2575 nee
474 2527 607 2576 seminare
626 2541 677 2576 nee
696 2535 795 2576 metere
815 2542 908 2577 secure
925 2532 1048 2593 poterant
1060 2533 1168 2594 propter
1180 2528 1347 2578 habitatores
1361 2523 1428 2576 castri

321 2598 371 2648 filii
390 2600 452 2649 Dei.

626 2664 701 2754 [aa]
747 2664 840 2730 Anno
862 2665 1014 2730 raanan¹¹
1039 2668 1130 2732 1218.

405 2746 554 2814 Navalis¹
584 2751 753 2832 exereitus,
783 2751 839 2837 qui
870 2751 958 2834 apud
979 2751 1188 2816 Ulixibonam
1220 2750 1427 2836 hyemaverat,

198 2859 266 2902 aaa.
276 2860 311 2901 ar.
346 2831 426 2898 ridie
441 2833 513 2897 Kal.
525 2832 646 2919 Aprilis
661 2857 750 2900 mare
764 2833 924 2918 ascendit3
946 2837 1082 2919 contigit
1096 2846 1212 2914 autem,
1228 2836 1319 2922 quod
1334 2850 1428 2897 comes

323 2855 364 2982 ie
393 2917 514 2983 Wedei
545 2940 619 2982 eum
645 2919 757 3004 paucis
786 2918 925 2983 navibus
954 2918 994 2985 de
1027 2930 1122 2985 noete
1150 2921 1283 2985 intraret
1311 2927 1426 3006 portum

324 3001 481 3088 quendam
496 3002 746 3068 sarracenorum
767 3003 801 3066 in
812 3002 979 3085 ΚαόἱθΜ,
1001 3003 1057 3068 ubi
1080 3003 1161 3069 duae
1183 3027 1280 3069 naves
1300 3002 1426 3068 insieco
1454 3021 1455 3046 ¹

324 3097 518 3169 manserunt,
542 3085 637 3151 salvis
658 3096 767 3150 tamen
786 3089 931 3172 personis
954 3087 1094 3152 atrebas
1109 3089 1143 3151 in
1158 3089 1203 3152 eis
1217 3084 1425 3153 existentibus.
1453 3157 1454 3162 η

325 3169 407 3234 Non.
430 3171 509 3234 Mai¹
532 3171 727 3235 transierunt
746 3192 834 3235 mare
857 3173 1014 3254 strictum,
1037 3172 1123 3256 quod
1145 3170 1260 3236 dividit
1274 3173 1426 3256 Europam
1453 3181 1454 3186 ’

326 3253 367 3318 ab
384 3253 504 3318 Affrica
526 3265 558 3318 et
579 3264 628 3318 est
648 3253 749 3320 latum
769 3254 835 3320 fere
857 3257 917 3320 tria
932 3255 1107 3320 miliariam.
1143 3255 1238 3336 Quod
1251 3267 1426 3321 cumtrans-
1452 3301 1454 3338 4

323 3339 440 3416 issent,
473 3346 677 3402 occurrerunt
704 3340 750 3403 eis
779 3337 861 3404 duae
891 3360 989 3404 naves
1017 3340 1276 3423 Sarracenorum,
1300 3355 1424 3428 quarum
1452 3341 1454 3366 '

323 3444 338 3488 s
363 3421 425 3487 olia
453 3422 559 3488 ablata
588 3432 670 3503 sunt,
696 3433 812 3488 nautae
834 3423 1002 3504 interfecti,
1023 3446 1122 3489 naves
1144 3434 1286 3490 exustae.
1331 3418 1425 3490 Pridie

213 3445 401 3576 entaldus
423 3505 554 3592 Aprilis,
577 3505 698 3572 scilieet
719 3509 752 3570 in
774 3529 853 3571 cena
874 3509 1110 3608 Domipiporta
1131 3519 1180 3573 est
1201 3509 1344 3572 maxima
1361 3517 1425 3601 tera·
1452 3495 1453 3568 ἶ

212 3600 611 3740 irritantis&
625 3590 1425 3762 rtttztttlttttetlttttlti‘lttttt

323 3760 428 3824 sevior
459 3769 528 3824 erat
558 3768 741 3846 tempestas,
774 3768 805 3822 et
837 3761 1013 3824 maximum
1058 3763 1123 3824 assi
1155 3771 1229 3825 sunt
1250 3759 1425 3847 perieulum-

322 3842 417 3908 Unde
439 3843 577 3928 quedam
599 3865 697 3908 naves
718 3841 941 3930 applicuerunt
961 3783 1275 3930 apudBaroinonam
1290 3846 1325 3909 in
1338 3859 1425 3927 regno

324 4003 470 4056 a)Modieum
486 4007 528 4048 01.
542 4007 563 4048 Ξ.
609 4005 709 4057 b)frleta
725 4007 767 4048 01.
784 4008 804 4046 2.
851 4004 904 4058 e)a'a
920 4009 1016 4058 maraine
1030 4010 1101 4058 suppl.
1118 4010 1166 4051 Bl.
1213 4004 1422 4060 d)aonsamav.Bl·

324 4063 347 4115 e)
357 4065 389 4103 tta
403 4065 466 4104 aian
480 4066 525 4107 aad.
535 4065 605 4116 daels.
615 4066 707 4115 Oltrertr
721 4065 822 4106 frontem
837 4067 928 4108 ealdan
958 4066 1019 4117 fleta
1036 4069 1080 4117 Ot.,·
1096 4069 1157 4108 faeta
1172 4069 1233 4110 eada.
1265 4065 1397 4120 marmot.
1407 4061 1423 4099 lv

324 4120 348 4173 h)
365 4123 479 4164 dominice
495 4124 539 4166 (Η.
613 4123 630 4174 i)
645 4125 712 4166 wide
729 4126 772 4168 01.
788 4126 810 4166 8.
884 4123 1058 4177 k)caa1eoa.
1133 4126 1151 4177 l)
1174 4128 1207 4166 tto
1223 4129 1270 4168 Bl.
1286 4129 1333 4177 015
1347 4127 1422 4166 Nomen

324 4179 431 4221 Itarroeh
439 4184 480 4222 02.
502 4184 573 4224 Looas
587 4189 702 4234 corruptae
716 4185 807 4226 vidaar.
822 4183 850 4224 In
864 4187 994 4228 narratione
1008 4197 1078 4236 snpra
1093 4187 1161 4226 allata
1176 4187 1238 4226 aa&
1253 4188 1299 4227 dies
1313 4187 1421 4226 indicanti

324 4240 411 4290 Aprilis
426 4252 482 4283 sarr.
495 4241 519 4283 P.
580 4241 612 4295 m)
629 4243 694 4283 milia
714 4244 759 4282 alia
778 4253 846 4282 nana
860 4255 918 4286 corr.
934 4245 1035 4286 miliaria
1050 4247 1098 4286 Bl.

327 4370 355 4438 l)
376 4369 416 4438 CJ.
434 4375 616 4426 narrationem
633 4373 689 4428 aad.
708 4374 835 4442 madan.
852 4373 882 4426 in
901 4374 1054 4443 Appendiee
1073 4378 1179 4430 editura,
1254 4374 1283 4444 2)
1305 4373 1389 4428 Carta,
