2944 5002
144 402 296 454 OLIVERI
314 402 473 453 RELATIO
494 401 543 452 DE
563 401 814 454 EXPEDITIONE
834 401 1047 453 DAMIATINA.
1123 401 1176 452 335

51 576 180 628 fidelium
199 592 317 640 numero,
342 577 370 626 in
395 576 463 626 festo
483 576 646 626 ascensionis
665 576 774 626 Domini
798 593 871 628 more
891 592 939 627 suo
964 591 1013 642 per
1029 581 1126 626 terram
1151 580 1178 625 et
1189 576 1252 616 1219.

55 665 160 716 aquam
177 650 308 700 irruerunt
325 649 427 716 perfidi,
447 655 473 699 et
497 648 648 699 multotiens
674 649 713 700 sic
738 655 934 716 attemptantes,
962 650 1098 715 prevalere
1122 664 1178 699 non
1188 635 1286 678 Mal-¹⁶·

53 725 209 774 valuerunt.
238 724 336 774 Partim
350 723 433 773 eciam
446 728 551 772 nostros
564 738 646 788 prope
661 727 748 773 castra
759 723 948 788 provocabant,
959 721 1177 787 dampnificantes

55 803 88 847 et
107 797 297 863 dampnificati.
341 796 429 846 Pridie
454 812 515 846 vero
541 796 677 846 Kalendas
702 797 815 862 Augusti
846 812 951 847 omnem
977 811 1056 862 quam
1081 795 1277 846 habereut-³1·

53 876 186 936 poterant
210 871 373 921 adducentes
402 871 513 934 copiam,
537 873 599 934 post
623 869 738 920 diutinos
764 871 898 921 assultusa
917 869 1025 920 tandem
1048 869 1177 920 fossatum

55 950 157 995 contra
174 945 294 994 militiam
312 936 436 1008 rempub
456 947 631 1007 transeuntes,
658 948 684 992 et
702 941 823 1009 [liceas0]
849 943 977 994 violenter
994 943 1177 1008 irrumpentes,

53 1019 165 1083 pedites
184 1023 288 1069 nostros
307 1021 441 1068 verterunt
452 1017 481 1066 in
493 1017 591 1081 fugam,
605 1016 673 1067 adeo
685 1022 716 1067 ut
727 1021 798 1068 totus
811 1017 940 1067 exercitus
956 1009 1178 1066 christianorumd

53 1092 114 1142 iam
140 1092 338 1157 periclitaretur.
382 1090 479 1141 Milites
504 1089 537 1138 de
562 1089 677 1140 Francia
701 1091 833 1142 seculares
859 1098 886 1140 et
905 1091 1005 1156 equites
1030 1094 1071 1139 ter
1089 1088 1178 1139 conati

55 1169 124 1216 sunt
144 1181 190 1216 eos
207 1165 334 1230 repellere
352 1164 456 1228 longius
476 1169 551 1213 extra
568 1163 705 1228 fossatum,
725 1165 772 1214 sed
791 1181 845 1215 non
858 1169 1007 1229 potuerunt.
1040 1162 1179 1213 Sarraceni

55 1239 192 1304 siquidem
209 1239 279 1289 intra
297 1239 386 1288 menia
403 1242 503 1301 nostra,
522 1236 612 1286 fractis
630 1238 818 1288 munitionibus
836 1238 941 1302 ligneis,
958 1238 1073 1303 equitum
1087 1252 1118 1286 ac
1131 1251 1177 1300 pe-

58 1313 148 1362 ditum
167 1313 237 1362 acies
256 1312 451 1362 ordinaverunt.
489 1310 597 1360 Clamor
614 1315 686 1360 ortus
707 1316 747 1362 est
764 1312 954 1374 insultantium,
981 1311 1066 1362 omnis
1091 1309 1177 1359 multi-

55 1385 127 1436 tudo
159 1387 276 1450 ipsorum
300 1385 451 1451 preparavit
475 1383 617 1449 sequelam.
670 1385 748 1435 Unde
773 1386 899 1436 timiditas
925 1384 1074 1436 christianis
1099 1387 1178 1432 aucta

57 1464 110 1509 est.
151 1459 204 1510 Sed
223 1460 328 1524 spiritus
347 1459 393 1524 qui
410 1458 496 1508 induit
514 1457 669 1508 Gedeonem
692 1459 819 1510 animavit
837 1459 1008 1524 Templarios.
1052 1457 1179 1522 Magister

58 1533 168 1597 Templi
187 1549 247 1583 cum
265 1533 426 1583 marescalco
453 1531 598 1596 ceterisque
623 1531 747 1582 fratribus
773 1533 827 1583 suis
853 1533 897 1598 qui
915 1537 979 1582 tunc
998 1531 1109 1581 aderant
1131 1546 1179 1596 per

58 1607 162 1656 exitum
183 1611 323 1672 angustum
347 1607 441 1671 inpetu
464 1605 544 1666 facto,
570 1604 678 1656 viriliter
705 1606 734 1655 in
757 1606 848 1671 lugam
868 1605 996 1656 convertit
1017 1605 1177 1655 incredulos.

55 1680 394 1730 DemusTbeutonicorum
414 1684 440 1729 et
458 1678 587 1728 comitese
607 1678 640 1728 de
659 1679 769 1730 diversis
783 1681 934 1730 nationibus
946 1678 1065 1729 videntes
1075 1676 1179 1742 Templi

57 1753 183 1803 militiam
200 1755 229 1803 in
247 1754 363 1819 periculo
384 1753 561 1812 constitutam,
574 1747 748 1803 festinanterf
759 1769 807 1818 per
819 1754 903 1802 exitrrs
918 1753 968 1802 sibi
984 1751 1177 1816 contrapositae

56 1827 178 1878 tulerunt
197 1827 335 1877 auxilium:
355 1828 393 1877 sic
412 1827 514 1892 pedites
534 1825 738 1876 Saracenorum
758 1826 867 1877 abiectis
880 1827 972 1891 clipeis
984 1823 1178 1874 interficieban-

56 1906 104 1951 tur
122 1905 210 1966 preter
228 1917 274 1951 eos
294 1916 359 1967 quos
378 1901 442 1965 fuga
459 1900 601 1964 precipites
619 1901 816 1964 percussoribus
835 1900 949 1950 ubsrum.
993 1899 1058 1948 Post
1078 1898 1178 1964 equites

56 1979 167 2024 nostros
187 1976 286 2040 egressi
304 1980 365 2025 sunt
383 1975 501 2039 pedites;
520 1973 718 2039 permodicum
736 1975 849 2039 spatium
863 1989 891 2024 se
903 1977 1068 2023 retraxenmt
1079 1971 1177 2022 hostes.

57 2048 142 2098 Acies
160 2047 222 2098 hinc
240 2049 303 2099 inde
322 2048 464 2100 substitus.
511 2046 677 2097 incedebant
694 2051 802 2111 armate,
822 2048 906 2098 donec
932 2046 1114 2112 crepusculum
1133 2059 1178 2095 ve·

58 2122 208 2187 spertinum
226 2123 336 2187 prelium
356 2121 467 2171 diremit.
507 2120 645 2171 Sarraceni
663 2121 764 2185 priores
783 2122 916 2183 abierunt;
934 2119 1095 2186 perfidorum
1120 2133 1177 2168 cor-

58 2211 129 2260 pora
148 2196 294 2246 occisorum
312 2199 395 2244 strata
412 2195 536 2244 iacebant
553 2195 626 2244 iuxta
644 2195 772 2245 fossatum
795 2194 907 2261 plurima
928 2187 1034 2259 preterh
1062 2208 1107 2243 eos
1134 2191 1178 2256 qui

59 2268 176 2319 sauciati
192 2271 306 2334 graviter
323 2269 367 2319 vel
384 2267 477 2318 leviter
494 2268 596 2318 reducti
614 2272 675 2318 sunt
693 2268 728 2318 ad
744 2273 838 2318 castra.
869 2268 912 2318 Sic
926 2267 1039 2318 salvavit
1047 2265 1177 2316 Dominus

58 2343 90 2392 in
120 2342 163 2392 die
190 2343 237 2392 illa
264 2347 402 2408 sperantes
429 2342 458 2393 in
486 2357 515 2391 se
539 2358 588 2406 per
605 2342 727 2392 virurtem
745 2341 953 2407 Templariorum
980 2345 1006 2390 et
1024 2355 1115 2390 eorum
1133 2339 1179 2404 qui

58 2410 141 2481 ipsisi
167 2417 301 2480 cooperati
325 2415 469 2466 discrimini
492 2431 520 2465 se
547 2416 739 2477 conmiserunt3
762 2416 841 2481 pauci
865 2416 898 2466 de
923 2414 1019 2465 nostris
1047 2411 1178 2464 interfecti

60 2494 124 2540 sunt
144 2493 170 2538 et
188 2491 267 2554 capti.
305 2489 485 2540 Instrumenta
503 2494 595 2539 contra
614 2489 746 2539 civitatem
763 2494 904 2555 preparata
929 2489 1058 2539 conbusta
1081 2491 1179 2537 sunta

61 2563 244 2614 defensoribus
264 2565 320 2613 eius
338 2563 393 2613 fere
413 2562 502 2613 omnia
519 2566 607 2628 preter
626 2563 711 2612 scalas
719 2557 742 2612 ¹¹.
779 2564 934 2628 leonenses,
946 2562 1039 2612 Pisani
1056 2561 1177 2612 etVene-

60 2637 129 2687 tiani
154 2637 317 2701 asserebant,
341 2653 370 2686 se
403 2636 535 2686 civitatem
559 2642 753 2701 expugnaturos
778 2653 826 2703 per
849 2641 960 2703 quatuor
991 2651 1072 2685 naves
1099 2649 1179 2699 super

62 2725 128 2776 quas
147 2710 219 2760 scale
237 2711 402 2775 pendebant;
421 2710 530 2760 sedisti
548 2725 603 2760 non
622 2715 698 2760 erant
716 2711 749 2760 de
768 2727 865 2778 genere
883 2711 998 2761 virormn
1014 2709 1120 2759 illorum
1131 2723 1180 2772 per

62 2799 129 2850 quos
148 2783 220 2834 salus
238 2784 310 2835 facta
335 2790 376 2834 est
399 2784 428 2833 in
446 2783 538 2834 lsrael.
580 2784 712 2834 Volabant
731 2787 803 2836 enim
821 2786 872 2836 sibi
885 2784 973 2834 facere
992 2799 1098 2847 nomen,
1119 2797 1179 2830 cum

60 2858 132 2910 tubis
153 2862 179 2908 et
198 2858 334 2908 calamillis
350 2862 377 2907 et
395 2857 477 2922 signis
496 2857 584 2908 multis
602 2857 743 2922 progressi.
795 2860 913 2924 Legatos
937 2856 1082 2923 apostolice
1106 2854 1178 2904 sedis

61 2935 184 2997 sumptus
195 2931 233 2980 eis
247 2931 280 2980 de
300 2931 434 2981 communi
452 2931 556 2996 prebuit
575 2931 707 2994 copiosos,
726 2947 773 2981 rex
793 2938 819 2983 et
838 2932 883 2982 alii
901 2932 996 2981 cordas
1010 2935 1036 2980 et
1048 2928 1178 2980 anchoras

59 3009 142 3072 prout
160 3005 328 3070 requirebant
345 3004 530 3055 habundanter
548 3004 710 3056 exibuerunt.
747 3005 921 3072 Agredientes
934 3005 1022 3070 itaque
1036 3003 1177 3065 civitatem,

59 3080 148 3144 primo
168 3078 210 3128 die
228 3079 325 3129 multos
345 3078 498 3129 occidenmt
516 3084 542 3129 et
560 3077 771 3143 vulneraverunt,
792 3085 818 3129 et
837 3081 934 3144 quanto
948 3077 1037 3142 sepius
1050 3076 1178 3126 assultum

58 3153 190 3216 iecerunt,
208 3157 282 3203 tanto
302 3152 386 3217 magis
405 3153 473 3202 muri
491 3151 587 3203 firmati
605 3155 666 3202 sunt
684 3153 778 3216 ligneis
798 3151 940 3202 castellulis
959 3165 991 3199 ac
1009 3149 1085 3200 liciis.
1122 3149 1177 3198 De-

58 3226 181 3277 fensores
195 3226 279 3276 eciam
297 3226 429 3277 robustius
448 3231 476 3276 et
494 3225 623 3276 efficatius
642 3241 671 3275 se
689 3227 854 3276 venientibus
868 3228 1056 3290 opposuerrmt.
1084 3223 1121 3272 Et
1138 3221 1177 3272 sic

59 3300 134 3350 scale
160 3299 278 3350 mutilate
302 3300 465 3365 perignem,
485 3315 516 3349 ac
539 3299 637 3365 pluries
661 3305 790 3365 reparate,
812 3299 922 3350 tandem
945 3297 1044 3348 iniecto
1069 3295 1177 3361 negotio

58 3373 170 3424 reducta
188 3378 250 3424 snut
268 3373 304 3422 ad
321 3373 415 3438 ripam.
452 3373 549 3439 Utique
567 3375 606 3424 sic
619 3373 810 3438 deprehensum
823 3378 863 3424 est
876 3378 902 3423 et
913 3372 1042 3422 veraciter
1059 3370 1177 3421 intellec·

58 3451 127 3511 tum,
147 3446 206 3497 sola
222 3447 317 3496 virtute
337 3447 427 3496 divina
445 3446 597 3498 Damiatam
614 3447 643 3497 in
661 3463 756 3498 manus
775 3447 975 3499 christianorum
994 3460 1053 3496 esse
1070 3443 1177 3494 uaden-

60 3520 132 3571 dam.
170 3521 227 3571 Nos
245 3535 307 3570 vero
325 3521 455 3570 insensati
473 3525 500 3570 11
517 3520 676 3571 inmemores
693 3521 880 3573 beneficiorum
899 3521 952 3570 Dei
971 3535 1003 3570 ac
1022 3517 1178 3569 mirabilium

60 3609 113 3660 que
132 3593 203 3658 fecit,
222 3595 424 3658 provocavimus
444 3594 535 3644 oculos
555 3594 643 3644 divine
662 3595 807 3645 maiestatis
819 3600 912 3647 contra
927 3609 976 3645 nos
989 3609 1037 3658 per
1049 3591 1178 3642 desidiam

59 3667 191 3718 maiorum
210 3672 237 3717 et
254 3667 473 3718 murmurationes
491 3664 645 3718 iunioruml.
690 3669 796 3718 Pedites
816 3670 946 3734 equitibus
970 3665 1178 3732 inproperabant

58 3741 203 3806 gnaviam,
223 3741 322 3806 equites
342 3741 459 3807 pericula
476 3741 603 3807 peditum,
624 3742 730 3809 quando
756 3748 849 3792 contra
874 3743 1034 3794 Sarracenos
1060 3739 1177 3806 egredie-

58 3815 165 3878 bantur,
185 3814 392 3866 dissimulabant.
430 3815 508 3866 Unde
527 3815 626 3867 factum
646 3820 694 3880 est,
713 3821 743 3865 ut
762 3817 944 3867 communibus
967 3815 1051 3881 culpis
1070 3814 1176 3879 exigen-

58 3887 130 3938 tibus
158 3889 187 3938 in
211 3888 387 3940 decollatione
412 3889 498 3939 sancti
522 3889 650 3940 Iohannis
675 3889 815 3954 baptistae,
840 3890 903 3940 licet
924 3891 969 3940 vix
997 3888 1178 3939 invenirentur
1187 3903 1289 3956 Amo,

60 3961 106 4027 qui
122 3961 151 4010 in
171 3967 315 4012 castrorum
334 3963 482 4013 custodiam
500 3968 676 4027 remanerent,
694 3964 817 4015 navalem
830 3968 856 4014 et
873 3969 1023 4014 terrestrem
1036 3961 1178 4012 exercitum

59 4035 177 4100 equitum
205 4051 236 4085 ac
263 4035 383 4101 pediturn
411 4037 563 4101 educentes,
591 4037 625 4087 ad
654 4041 741 4088 eastra
764 4039 962 4090 Babiloniorum
988 4036 1178 4087 tenderemus¹1

60 4177 83 4232 a)
99 4181 197 4221 alsultus
212 4192 230 4222 1.
302 4179 327 4233 1))
344 4182 456 4224 facientes
472 4182 516 4223 add
529 4184 572 4226 1111.
588 4185 628 4226 del.
645 4195 663 4226 1.
731 4183 751 4237 c)
766 4186 822 4225 111111
836 4196 867 4235 1,·
884 4184 949 4224 licias
965 4184 991 4227 L.
1060 4179 1083 4234 d)
1100 4183 1179 4222 noster

59 4249 135 4282 exarc.
153 4241 178 4280 L.
240 4239 262 4291 1)
279 4243 420 4291 comitesque
436 4247 459 4282 11
474 4244 515 4283 1111
530 4244 616 4284 milltes
632 4244 660 4284 de
676 4245 702 4287 L.
747 4245 766 4296 1)
783 4245 920 4286 festinantes
935 4254 992 4282 corr.
1007 4241 1144 4283 festinanter
1158 4252 1177 4283 1.

59 4297 83 4350 g)
100 4300 252 4340 substiterunt
265 4299 428 4352 (substiterant
443 4299 478 4353 a.)
496 4307 597 4344 armatae
614 4303 639 4345 a.
656 4305 716 4356 an.,·
737 4306 896 4345 sustinuerunt
911 4305 999 4342 armate
1015 4302 1041 4344 L.
1060 4337 1062 4342 ,
1114 4297 1139 4351 b)
1155 4303 1178 4341 11

59 4360 530 4405 11111111111111111111111111111.
613 4360 631 4415 1)
646 4374 687 4413 pro
709 4366 724 4404 i.
746 4376 763 4403 1.
846 4360 871 4414 k)
891 4373 923 4404 sc.
943 4362 1081 4402 Ienuanses.
1096 4361 1178 4401 Pisani

59 4419 325 4470 (111111911114111111,
386 4418 404 4473 1)
421 4422 535 4462 minorum
550 4421 577 4462 L.
638 4421 671 4474 111)
687 4434 794 4474 superea
809 4435 827 4466 1,
887 4420 912 4474 u)
929 4421 954 4462 ts
968 4431 1052 4462 rasura
1066 4431 1084 4461 c.
