2924 5006
282 393 337 444 216
394 387 581 444 cnaonlcs
596 387 708 440 REGIA
728 383 980 439 COLONIENSIS.
1001 382 1103 434 CONT.
1117 381 1171 432 111.
1190 379 1224 432 A.
1237 379 1316 431 1204.

658 557 826 610 Rcccaaio
846 558 870 609 I.
890 557 984 609 codd.
1006 555 1033 608 O.

287 630 403 696 Harlin
428 628 580 696 ‘uberans
602 649 622 690 a
648 647 725 712 rege
761 625 880 691 Ottone
909 623 1172 688 constructuml‘·¹
1205 621 1348 686 deiceret
1375 630 1407 686 et

284 717 373 780 cives
428 712 564 779 oslariae
585 709 625 775 de
648 711 854 796 oppressione
876 708 945 773 eius
967 717 999 773 et
1019 707 1152 772 fratrum
1175 727 1310 770 suorum
1329 702 1406 768 libe·

284 809 387 880 raret;
430 799 487 862 sed
502 795 559 860 ubi
574 793 711 859 eundem
726 793 760 858 in
774 792 849 857 forti
863 814 961 856 manu
975 789 1038 856 sibi
1053 813 1220 856 occurrere
1244 790 1408 875 cognovit,

284 881 416 948 consilio
447 903 522 946 oum
553 879 620 944 suis
647 876 767 958 habito,
799 877 939 958 recessit,
973 875 1072 940 satius
1098 883 1185 940 ratus
1213 872 1257 938 ad
1279 884 1408 960 tempus

284 966 397 1032 cedere
420 988 518 1053 quam
540 984 613 1027 cum
635 961 728 1026 hoste
749 958 832 1024 male
852 982 1006 1046 pugnare.

369 1049 466 1116 Circa
495 1050 604 1135 ipsum
635 1055 762 1193 tempus
791 1045 959 1109 Tiderious
988 1043 1205 1108 Traiectensis
1231 1043 1408 1128 episcopus

285 1157 360 1199 cum
388 1133 533 1200 exercitu
560 1141 592 1195 et
619 1128 704 1216 pluri
727 1151 765 1193 us
793 1126 956 1193 nobilibus
984 1125 1192 1192 Hollandiam
1221 1127 1359 1192 intravit
1379 1138 1410 1192 et

286 1218 487 1306 provinciam
510 1215 620 1279 comiti
649 1213 689 1278 de
712 1213 759 1277 Lo
788 1211 980 1298 subiugavit,
1012 1223 1044 1276 et
1065 1209 1277 1278 Wilhelmum
1305 1233 1350 1274 ex
1372 1233 1410 1276 ea

285 1301 478 1382 eliminavit,
516 1320 554 1364 eo
586 1297 674 1384 quod
700 1295 808 1362 multis
835 1298 960 1360 iniuriis
986 1297 1093 1382 ipsum
1126 1295 1320 1383 episcopum
1350 1295 1409 1360 fre·

286 1385 437 1472 quentius
459 1393 667 1470 provocasset
683 1391 747 1447 ete
772 1383 952 1466 isoopatnrn
976 1381 1044 1445 eius
1066 1379 1223 1444 incendiis
1239 1390 1272 1445 et
1285 1381 1409 1466 rapinis

285 1469 395 1556 sepius
427 1477 593 1536 vastasset,
645 1464 729 1530 sede
795 1464 923 1529 ilhelmo
952 1486 1112 1550 nusquam
1142 1473 1331 1549 apparente,
1361 1473 1409 1528 ter

285 1575 350 1618 una
372 1552 424 1616 die
447 1574 522 1616 cum
550 1549 647 1615 fratre
675 1551 743 1614 eius
766 1547 930 1613 Florentio
958 1558 991 1613 et
1017 1547 1212 1635 quibusdam
1242 1547 1408 1614 nobilibus

285 1638 370 1724 parti
383 1634 468 1700 illius
483 1633 667 1699 faventibus
683 1633 837 1714 conflixit,
856 1631 1003 1718 pluribus
1019 1654 1130 1698 eorum
1147 1631 1271 1712 occisis,
1292 1633 1410 1697 ceteris

286 1743 361 1787 cum
393 1722 464 1806 ipso
497 1718 659 1782 Florentio
696 1719 798 1803 captis
834 1718 889 1781 etd
923 1716 1060 1781 vinculis
1094 1717 1296 1800 mancipatis.
1354 1716 1411 1781 Sic

286 1805 416 1870 comiti²
439 1804 480 1869 ab
504 1803 656 1890 episcopo
685 1801 858 1886 subiugata
886 1802 973 1865 omni
993 1800 1163 1887 provincia
1183 1808 1216 1864 et
1238 1799 1412 1866 obsidibus

286 1890 384 1971 datis,
418 1910 492 1952 cum
523 1888 692 1972 piscopos
722 1893 935 1950 reverteretur
967 1893 999 1948 et
1031 1906 1139 1947 comes
1168 1905 1242 1946 cum
1275 1885 1344 1947 suis
1376 1886 1412 1947 in

309 1972 429 2038 nodam
452 1909 572 2070 oppidb
594 1971 723 2056 nomine
745 1969 860 2034 Leidin
883 1968 1023 2054 degeret,
1044 1968 1187 2052 prefatus
1201 1966 1411 2050 Wilhelmus,

287 1996 327 2122 de
354 2057 523 2120 maritima
551 2053 696 2139 partibus
726 2063 891 2118 contracta
923 2051 1128 2135 multitudine
1155 2061 1221 2114 tam
1248 2052 1410 2137 pedestris

287 2161 386 2228 quam
408 2138 531 2204 navalis
556 2139 728 2220 exercitus,
755 2137 910 2223 plurimos
939 2157 1049 2201 eorum
1077 2136 1262 2221 captivavit,
1292 2138 1411 2201 ceteris

286 2227 321 2288 in
348 2221 468 2310 palude
497 2221 758 2303 submersisset
783 2223 840 2285 vix
862 2222 974 2319 paucis
996 2218 1206 2285 evadentibus
1236 2241 1311 2284 cum
1337 2221 1410 2307 ipso

287 2307 459 2393 comite¹·*.
544 2306 640 2370 Estas
663 2305 768 2369 calida
789 2316 820 2371 et
843 2327 939 2370 sicca.
1395 2377 1397 2380 ¹

367 2391 444 2478 Ipso
461 2410 545 2454 anno
561 2391 648 2453 eirca
662 2387 780 2452 Iulium
796 2411 940 2454 mensem
952 2387 1123 2474 Philippus
1134 2411 1203 2470 ren,
1220 2397 1411 2452 contracto&

290 2477 434 2539 maximo
471 2475 626 2551 exercitu,
658 2473 871 2557 Thuringiam
903 2475 1009 2552 intrat,
1046 2471 1207 2558 quandam
1244 2473 1411 2538 civitatem

283 2558 459 2643 lantgravii
479 2557 644 2621 Wicinse³
673 2558 802 2620 nomine
830 2556 1017 2621 obsidioneh
1039 2555 1145 2639 vallat,
1172 2578 1283 2640 regem
1310 2557 1410 2620 etiam

282 2642 436 2706 Boemiae
459 2662 533 2704 cum
549 2641 700 2705 maxima
715 2640 917 2705 multitudine
939 2640 972 2703 in
995 2639 1152 2704 auxilium
1174 2641 1204 2703 ei
1225 2640 1411 2705 venientem

282 2726 384 2810 fugat,
418 2726 525 2788 omnia
556 2747 614 2812 per
645 2727 816 2790 circuitum
844 2724 964 2811 oppida
990 2725 1065 2810 igne
1099 2725 1205 2790 exurit
1237 2735 1269 2789 et
1293 2735 1409 2790 vastat.

346 2887 375 2956 *J
395 2887 504 2953 Froym.
533 2888 589 2941 cod.
618 2886 640 2938 0
669 2888 716 2938 lzoc
746 2889 801 2939 loco
825 2886 919 2939 inserit
944 2885 1071 2953 epitomen
1099 2889 1224 2954 epistolae
1250 2905 1267 2938 o
1292 2889 1409 2958 Huyone

395 2959 521 3024 scriptae,
541 2978 573 3012 ea
592 2978 646 3027 qao
666 2961 731 3011 boec
750 2960 802 3026 lapi
816 2969 944 3026 possunt:

445 3027 650 3108 Quomodo
674 3026 1070 3114 Constantinopolim
1092 3051 1112 3091 a
1133 3029 1365 3113 peregrinis

398 3124 517 3197 capta
537 3110 794 3176 Baldewinus
817 3133 948 3175 comes
970 3110 1159 3175 Flandrie
1187 3112 1410 3198 imperator

803 3195 991 3258 efficitur.

393 3287 699 3346 Mortqusachio,
714 3287 769 3350 qui
783 3287 930 3336 animum
946 3285 1020 3335 tilii
1033 3286 1209 3337 suiAlexii
1223 3302 1238 3334 a
1252 3289 1407 3352 peregri-

393 3361 460 3422 nis,
487 3361 546 3425 qui
566 3375 636 3410 cum
652 3359 932 3409 sublimaverant
958 3359 999 3408 ad
1020 3375 1194 3419 coronam,
1216 3367 1407 3424 averterat,

652 3467 822 3518 Beceasio
844 3467 884 3518 II.
905 3469 1000 3520 codd.
1019 3469 1052 3522 B.

370 3542 449 3592 Circa
467 3545 554 3608 ipsum
574 3548 679 3608 tempus
691 3541 832 3592 Tidericus
852 3544 994 3608 episcopus
1007 3543 1189 3594 Traiectensis
1209 3559 1268 3594 cum
1289 3545 1406 3595 exercitu

284 3621 312 3666 st
331 3614 453 3681 pluribus
472 3615 606 3666 nobilibus
625 3615 799 3665 Hollandiam
819 3616 928 3666 intravit
947 3621 975 3666 et
994 3617 1159 3682 provinciam
1180 3618 1272 3666 comiti
1292 3617 1325 3666 de
1343 3618 1405 3668 Los

283 3703 404 3740 rursus
433 3689 594 3752 subiugavit.
640 3688 695 3739 Sed
726 3689 854 3753 episcopo
883 3689 1079 3752 recedente,
1108 3705 1169 3739 cum
1196 3689 1288 3740 idem
1318 3705 1405 3742 comes

287 3777 347 3813 cum
369 3763 424 3812 suis
445 3789 478 3796 -
499 3788 533 3798 -
553 3763 612 3826 ipso
632 3762 738 3812 comite.
757 3766 787 3810 ut
804 3761 930 3812 Recensio
949 3761 974 3813 I.

369 3834 437 3900 Ipso
455 3849 524 3885 anno
546 3837 618 3884 circa
637 3834 735 3884 Iulium
761 3849 880 3885 mensem
899 3835 1047 3902 Phylippus
1067 3852 1122 3899 rex,
1142 3839 1279 3886 contracto
1293 3838 1404 3886 maximo

282 3909 409 3969 exercitu,
420 3907 593 3972 Thuringiam
608 3909 697 3971 intrat,
714 3907 848 3972 quandam
864 3909 1001 3978 civitatem
1017 3909 1152 3974 lantgravi
1162 3910 1289 3959 Wizense
1299 3911 1400 3960 nomine

282 3982 423 4032 obsidione
433 3980 528 4045 vallat,
539 3997 629 4046 regem
641 3983 721 4031 etiam
732 3981 843 4030 Boemie
855 3997 914 4032 cum
926 3984 1043 4032 maxima
1053 3981 1223 4032 multitudine
1236 3983 1264 4031 in
1278 3983 1400 4032 auxilium

282 4056 321 4105 rei
340 4055 492 4105 venientem
511 4055 595 4120 fugat,
621 4055 710 4104 omnia
728 4069 777 4120 per
796 4055 936 4105 circuitum
955 4055 1056 4123 oppida
1073 4057 1137 4120 igne
1157 4057 1243 4106 exurit
1262 4061 1289 4105 et
1307 4061 1398 4108 vastat.

285 4182 308 4234 a)
324 4185 509 4234 Harltnrtnhsrg
526 4186 568 4227 02.
651 4183 675 4236 b)
691 4184 774 4234 syuodo
798 4195 841 4225 con
862 4197 877 4225 a
897 4197 965 4226 mona
988 4198 1043 4237 qaae
1062 4189 1144 4228 rubras
1163 4189 1250 4237 scripsit
1272 4187 1346 4226 addito
1365 4192 1396 4234 ert,

283 4244 352 4283 erosis
374 4244 450 4282 litteris
473 4255 502 4284 ex
525 4243 556 4296 (i)
580 4255 635 4293 quac
654 4244 721 4293 prius
742 4243 834 4292 scriptor
857 4251 919 4285 crant
935 4247 982 4284 Bl.
1079 4247 1101 4297 o)
1117 4247 1192 4296 incipit
1209 4246 1357 4295 fragmentum
1378 4247 1398 4300 O,

282 4303 346 4342 cuias
360 4301 492 4350 scripturam
507 4305 596 4343 retinui.
644 4301 667 4354 d)
684 4307 743 4342 etv.
760 4313 791 4342 m.
807 4304 882 4343 desum
899 4305 942 4346 02.
995 4303 1017 4358 e)
1034 4307 1115 4346 mersts
1131 4307 1178 4348 Bl.
1222 4304 1241 4356 ι’)
1257 4307 1362 4355 amesque
1376 4306 1397 4347 0.

282 4360 306 4412 g)
321 4370 381 4400 max.
400 4365 473 4402 contr.
491 4371 527 4402 ex.
544 4361 588 4403 08.
648 4360 673 4414 h)
689 4363 744 4400 deest
761 4362 803 4403 01.

282 4477 311 4544 1)
332 4475 373 4544 ί).
392 4475 505 4528 Araold.
525 4478 592 4528 Lab.
618 4478 665 4541 VI,
686 4480 711 4542 ὅ,
726 4495 757 4543 p.
779 4480 840 4530 217.
915 4481 988 4547 2Jda
1006 4481 1068 4534 Los.
1144 4480 1173 4548 3)
1193 4480 1354 4534 Weisscasee.
