2970 4996
225 395 412 447 CHRONIOA
431 396 545 449 REGIA
565 395 807 450 conouluusls
827 397 859 450 A.
882 395 961 448 1134.
984 397 1063 450 1135.
1177 399 1206 448 71

463 569 632 620 Reccnsio
651 568 676 621 Ι.
698 571 793 623 codd.
811 570 845 623 A.

299 719 302 733 ,
466 653 561 719 Anno
583 654 716 719 Domini
741 657 832 722 1134.

161 738 275 802 Novus
296 739 470 823 imperator
489 738 628 804 natalem
642 740 776 804 Domini
799 739 952 806 Coloniae
974 738 1123 805 celebrat.
1159 739 1211 806 Ibi

80 822 276 887 temerarius
305 821 459 887 turnultus
486 822 672 888 urbicorum
702 846 810 889 coram
838 827 1030 909 imperatore
1058 824 1210 907 exoritur,

81 911 118 970 et
139 928 179 970 eo
194 906 338 970 noudum
354 905 474 988 sedato,
497 905 572 972 inde
587 906 745 973 discessit.
780 907 905 973 Pascha
919 905 1105 974 Halverstat
1120 930 1210 994 pera·
1221 929 1276 982 apr.
1287 931 1324 974 rs.

82 989 144 1073 git.
188 989 241 1054 Ibi
268 1012 328 1054 rex
349 991 535 1056 Dacorum¹
558 992 699 1075 veniens,
730 1014 799 1056 sese
828 994 862 1056 in
890 1000 1082 1078 potestatem
1110 993 1210 1078 impe·

82 1074 225 1138 tatoris·
253 1073 359 1156 tradit,
389 1073 517 1139 obsides
544 1074 607 1155 dat,
634 1076 846 1141 iuramentum
873 1076 958 1158 facit,
984 1097 1019 1140 se
1045 1096 1209 1141 successo·

84 1179 205 1243 resque
236 1179 312 1222 suos
343 1160 471 1223 nonnisi
502 1161 663 1245 permissu
691 1161 893 1245 imperatoris
923 1181 1210 1245 successorumque

83 1263 220 1306 suorum
241 1264 376 1340 regnum
397 1242 605 1327 adepturum,
628 1252 659 1308 et
680 1243 813 1330 pulchro
836 1242 1028 1329 spectaculo,
1051 1266 1211 1329 nusquam

84 1335 173 1390 retro
195 1324 358 1412 prioribus
379 1325 575 1412 temporibus
606 1326 725 1410 audito,
753 1330 824 1414 ipso
852 1338 962 1392 sancto
992 1327 1043 1392 die
1071 1327 1211 1414 paschae

85 1408 175 1474 idem
189 1432 248 1474 rex
262 1409 437 1491 Dacorum,
458 1413 546 1510 regio
561 1433 650 1476 more
666 1413 864 1494 coronatusl,
882 1432 988 1476 coram
1005 1421 1154 1477 coronato
1170 1411 1211 1476 de

85 1515 178 1558 more
204 1497 396 1579 imperatore
424 1493 566 1579 gladium
592 1496 693 1581 ipsius
715 1506 829 1581 portat.
873 1497 952 1560 Post
973 1495 1032 1560 hec
1052 1497 1086 1559 iu
1107 1497 1211 1582 gratia

85 1578 291 1664 imperatoris
312 1577 416 1643 redire
438 1580 622 1664 permissus,
646 1601 720 1643 cum
741 1581 774 1643 in
795 1580 933 1666 patriam
955 1601 1044 1644 suam
1059 1581 1209 1663 venisset,

86 1661 246 1726 occiditur
267 1663 301 1726 in
321 1671 431 1726 sancto
454 1663 506 1727 dio
528 1672 734 1748 pentecosten
755 1663 797 1728 ab
820 1662 932 1727 emulis
961 1665 1038 1745 suis,
1067 1665 1301 1734 cumton-nas.

83 1745 176 1810 tibus
198 1746 332 1811 advenis
346 1747 543 1827 Teutonicis,
566 1768 646 1832 quos
667 1748 866 1812 truncatione
887 1746 1105 1811 membrorum
1122 1746 1210 1811 dam·

84 1839 230 1894 neverat.
315 1829 515 1895 Norbertus*
543 1830 885 1917 ldagatheburgensis⁰
915 1832 1086 1916 episcopus
1116 1829 1210 1914 obiit;

86 1913 142 1976 cui
165 1912 281 1978 Ouno‘i
304 1916 467 1979 successit
545 1916 624 1980 Post
643 1915 760 1980 festum
781 1914 883 1979 sancti
905 1914 1016 1980 Iacobi
1037 1917 1211 2001 imperator
1221 1934 1265 1976 aa
1275 1933 1312 1976 ac.

85 1997 328 2082 expeditionem
343 2019 476 2062 movens
492 2020 589 2085 super
599 1999 799 2063 Fridericum
814 1999 929 2063 ducem
943 1997 1102 2080 Alsaciae‚
1117 1998 1212 2084 plura

85 2082 159 2144 cius
182 2080 312 2146 castella
333 2082 475 2164 destruit,
498 2083 580 2148 inter
601 2104 682 2169 quae
706 2083 865 2147 famosum
893 2083 962 2146 cius
992 2081 1148 2169 oppidum
1177 2083 1212 2146 in

86 2163 210 2240 Suesia
230 2167 358 2230 nomine
376 2164 521 2230 Ulma0==
544 2177 673 2253 captum
695 2166 843 2231 incendio
866 2165 971 2248 tradit,
994 2175 1027 2230 et
1046 2167 1211 2250 regionem

84 2249 316 2333 predabundus
345 2248 556 2335 perambulat.
599 2250 782 2315 Fridericus
812 2250 880 2314 dux
906 2249 1035 2314 tandem
1062 2250 1211 2315 diffidens
1307 2273 1309 2278 ·

85 2333 185 2398 rebus
218 2335 301 2415 suis,
335 2334 470 2418 gratiam
503 2334 705 2419 imperatoris
737 2357 796 2421 per
832 2355 1053 2420 quoscumque
1089 2333 1214 2420 potcst‘

1 2483 2 2504 ,
85 2415 257 2482 obtineres
278 2416 428 2483 elaborat.

466 2501 561 2566 Anno
584 2503 716 2566 Domini
740 2503 830 2568 1135.

161 2585 341 2671 Imperator
354 2583 492 2649 natalem
508 2585 642 2649 Domini
655 2585 851 2672 Aquisgrani
866 2584 1015 2658 celebrat.
1051 2584 1103 2649 Ibi
1119 2582 1211 2649 Golo-

1 2710 2 2713 =
83 2670 217 2734 nienses
239 2670 375 2754 gratiam
396 2670 598 2755 imperatoris
621 2671 773 2755 optinent.
824 2666 950 2734 Ibidem
977 2671 1151 2755 imperator
1179 2677 1211 2732 et

84 2751 289 2818 Coloniensis
322 2754 494 2839 episcopus
527 2751 748 2819 dissentientes
780 2753 822 2817 ab
853 2755 1009 2837 invicem,
1038 2751 1211 2818 discordati

152 2914 182 2982 *)
201 2932 284 2966 manu
303 2933 370 2968 socc.
385 2915 468 2968 XIII.
483 2932 523 2968 ca.
537 2917 580 2967 ccl
590 2915 669 2966 XIV.
688 2914 804 2982 marpini
819 2916 843 2967 A
861 2916 874 2965 l
891 2916 970 2968 adda
990 2917 1144 2976 Norbcrtus,
1164 2917 1211 2982 qui

199 2991 315 3040 instituit
334 2991 454 3040 ordinem
474 2991 790 3041 Prasmonstratoncium.

425 3117 591 3170 Recensio
611 3116 653 3167 II.
674 3116 768 3168 codd.
789 3116 822 3168 B.
845 3115 870 3168 0.

421 3204 470 3267 10.
512 3201 608 3267 Anno
630 3202 763 3266 Domini
786 3201 877 3267 1134.

160 3293 253 3342 Novus
272 3293 416 3358 imperator
434 3293 525 3344 natale
544 3294 654 3344 Domini
674 3292 810 3355 Coloniae¹
824 3292 951 3344 celebrat.
990 3291 1033 3342 Ibi
1052 3291 1209 3341 temerarius

84 3365 216 3416 tumultus
235 3366 387 3416 urbicomm
408 3381 497 3417 coram
521 3369 680 3432 imperatore
707 3367 832 3426 exoritur,
858 3371 885 3416 et
909 3380 941 3416 eo
964 3364 1081 3415 nondum
1105 3363 1208 3427 sedato,

83 3439 149 3489 inde
171 3438 304 3490 discessit.
380 3440 437 3490 Rex
456 3441 590 3490 Dacorum
617 3441 737 3500 veniens,
762 3454 791 3490 sc
817 3440 845 3488 in
864 3442 1024 3504 potestatem
1041 3437 1209 3502 imperatoris

86 3512 179 3572 tradit,
206 3511 314 3582 obsides
335 3512 388 3574 dat,
415 3515 591 3564 iuramentum
615 3513 689 3576 iacit,
715 3527 744 3564 se
768 3526 991 3577 successoresque
1017 3525 1078 3561 suos
1105 3509 1211 3561 nonnisi

85 3585 220 3652 permissu
237 3585 405 3650 imperatoris
424 3601 661 3652 successorumque
686 3600 793 3636 suorum
819 3600 929 3650 regnum
956 3584 1108 3651 adepturos.
1146 3583 1211 3634 Post

87 3658 138 3708 bec
159 3674 232 3708 cum
253 3674 337 3724 pace
357 3658 445 3726 redire
464 3661 617 3726 permissus,
639 3661 667 3708 in
686 3663 781 3709 sancto
809 3658 852 3709 dic
878 3663 1028 3725 pentecost.
1054 3657 1088 3708 ab
1114 3655 1210 3707 emulis
1281 3699 1284 3705 .

85 3732 142 3784 suis
162 3737 205 3783 est
224 3733 347 3784 occisus.-

422 3799 472 3863 11.
514 3797 609 3863 Anno
630 3797 764 3863 Domini
787 3797 879 3862 1135.

162 3889 315 3954 Imperator
333 3888 423 3940 natale
436 3890 548 3940 Domini
559 3890 722 3955 Aquisgrani
742 3886 875 3951 celebrat;
894 3888 941 3939 ubi
961 3886 1136 3938 colonienses
1152 3887 1210 3938 eius

87 3961 204 4026 gratiam
224 3961 353 4013 obtinent.
391 3962 435 4012 Ibi
455 3964 557 4014 etism
582 3964 727 4028 imperator
751 3968 778 4012 ct
799 3961 966 4013 Coloniensis
991 3961 1210 4027 archiepiscopus

96 3100 304 3109 .--.---

2 4147 3 4150 =
89 4123 112 4175 a)
129 4127 214 4175 regts
230 4125 250 4165 A
260 4127 279 4166 l.
355 4124 377 4179 b)
393 4127 489 4168 sentens
507 4149 534 4157 -
550 4129 673 4166 coronatus
689 4125 721 4164 tis
736 4125 816 4165 anthes
828 4123 848 4164 A
857 4125 878 4166 2.
954 4124 975 4177 o)
993 4125 1142 4174 narcetem.
1158 4124 1178 4162 A
1190 4123 1212 4172 1,

2 4203 3 4212 r
25 4211 28 4216 ,
89 4183 176 4233 Rauda
190 4185 215 4224 in
236 4185 282 4224 Ioco
302 4195 361 4228 raso.
437 4184 461 4237 d)
485 4186 588 4226 Bruno
608 4197 636 4226 m.
657 4196 675 4227 s.
692 4184 753 4225 XIV.
774 4194 881 4234 supertes.
903 4183 953 4223 Al.
1029 4181 1052 4235 e)
1076 4182 1144 4225 Olms
1160 4182 1210 4222 Al.

2 4219 5 4302 l
88 4241 109 4294 t)
124 4244 202 4294 potuit
216 4255 275 4284 corr.
291 4248 367 4294 potest
382 4242 402 4283 A
413 4246 434 4284 1.
495 4243 518 4296 ς)
534 4245 589 4284 assat
605 4243 625 4284 A
635 4245 653 4285 1.

10 4435 14 4461 ,
91 4393 120 4461 1)
140 4393 229 4448 Filius
248 4395 318 4461 repis
338 4391 446 4447 Nicolai
465 4373 591 4462 Magnus.
667 4392 696 4460 2)
722 4392 791 4444 uun.
