2934 4998
338 418 391 467 262
423 416 611 470 cHRoch
626 416 738 469 BEGIA
753 416 1005 469 COLONIENSIS.
1025 415 1129 468 CONT.
1140 415 1189 466 IV.
1207 414 1414 467 araturam.

714 584 809 648 Anno
830 583 964 648 Domini
986 583 1077 648 1230.

421 670 460 733 In
491 668 669 754 Hispania⁸
706 691 764 732 rex
796 667 1057 751 Legionensisw
1096 676 1127 732 et
1162 666 1247 731 filius
1283 689 1360 730 suus
1391 688 1434 730 rex

339 753 498 819 Castelle¹
520 773 610 816 arma
631 761 742 816 contra
758 751 951 817 Sarracenos
967 762 1097 816 sumunt
1117 760 1149 815 et
1164 773 1317 836 magnam
1331 761 1434 836 partem

337 847 420 903 terre
442 847 610 923 occupant,
633 846 728 922 capta
751 837 879 900 civitate
895 858 957 923 que
972 836 1136 900 Emerita³
1158 834 1336 900 dicebatur.
1376 835 1433 982 lpse

336 943 421 986 anno
450 944 510 988 rex
539 921 727 1006 Arragone⁴
756 918 894 984 insulam
921 943 984 1006 que
1005 921 1161 984 Maiorica
1189 921 1318 1001 dicitur,
1349 943 1377 980 m
1406 919 1434 984 tis

338 1007 430 1070 annis
460 1009 481 1069 a
511 1005 695 1070 sarracenis
725 1013 924 1090 occupatam,
958 1006 1054 1090 capit,
1088 1003 1306 1090 expugnando
1336 1002 1436 1067 ibidem

338 1089 500 1189 quandam
522 1090 685 1155 civitatem
705 1089 872 1171 famosam,
901 1099 995 1175 capto
1018 1090 1087 1153 eius
1109 1099 1238 1174 regest
1266 1096 1339 1152 tcta
1360 1086 1435 1150 domo

336 1195 435 1238 re1a.

372 1198 395 1261 g
420 1258 545 1322 Eodem
560 1279 644 1322 anno
660 1257 808 1322 dominus
825 1257 948 1342 Symon
963 1257 1089 1321 abbas*
1104 1258 1191 1339 obiit,
1214 1265 1246 1321 et
1260 1259 1292 1320 ei
1308 1255 1437 1320 dominus

338 1342 510 1406 Heinricus
534 1352 665 1427 quartus
689 1341 842 1406 succedit.

422 1426 546 1490 Eodem
572 1446 699 1512 quoque
724 1447 807 1491 anno
831 1427 931 1491 oritur
956 1426 1111 1490 dissensio
1136 1426 1219 1490 inter
1240 1423 1437 1510 archiepisco-

362 1512 458 1573 um**
493 1519 526 1574 et
557 1509 672 1574 ducem
708 1510 747 1575 de
780 1509 956 1596 Limburg⁵
993 1532 1090 1596 super
1124 1509 1296 1575 advocatia
1333 1507 1438 1574 cenobii

337 1532 602 1680 Sibergensisva
661 1594 756 1659 Unde
788 1605 928 1658 castrum
956 1593 1127 1659 Tuiciense
1169 1593 1247 1657 dicti
1283 1593 1378 1657 ducis
1408 1593 1438 1657 ab

337 1678 536 1765 archiepisco
561 1701 579 1742 o
603 1678 748 1761 diruitur,
770 1688 802 1743 et
823 1689 963 1742 castrum
985 1678 1075 1742 ducis
1098 1677 1218 1743 dictum
1233 1677 1439 1742 Bensbural·¹

336 1763 435 1848 longa
456 1701 624 1828 obsidione
645 1761 781 1828 vallatur
803 1765 823 1826 a
845 1763 975 1848 copioso
998 1764 1142 1828 exercitu
1162 1763 1400 1848 archiepiscopi
1417 1771 1438 1824 et

338 1848 466 1912 comitis
503 1847 663 1912 Senensis.
722 1847 787 1912 Sed
818 1845 894 1912 licet
929 1848 1064 1912 acritcr⁰
1103 1849 1181 1932 inpu
1227 1855 1353 1927 aretin,
1391 1867 1439 1910 non

338 1933 474 2018 capitur,
506 1931 568 1995 hiis
601 1931 656 2017 qui
689 1932 774 1995 intus
807 1939 897 1996 erant
918 1953 961 1995 se
982 1930 1115 1996 viriliter
1146 1931 1186 1996 de
1200 1931 1392 1996 cudentibus
1416 1938 1438 1994 et

337 2017 511 2101 ingeniose.
559 2015 613 2079 Ex
644 2015 744 2080 altera
776 2024 865 2099 parte
894 2025 1033 2080 castrum
1063 2015 1299 2102 archiepiscopi
1335 2015 1439 2080 dictim

337 2099 531 2186 Tulpetum⁸
564 2099 684 2164 casuali
720 2100 870 2164 incendio
907 2110 1130 2165 concrematur
1174 2110 1206 2164 et
1232 2109 1368 2186 propter
1393 2098 1439 2162 hoc

339 2188 452 2249 acom
477 2181 593 2247 licibus
615 2183 707 2247 ducis
730 2185 872 2270 capitur3
900 2184 957 2249 ubi
978 2182 1068 2248 multi
1089 2183 1233 2248 homines
1255 2185 1334 2270 igne
1355 2185 1438 2270 perie-

337 2278 421 2336 runt.
500 2267 566 2333 ulto
583 2269 679 2332 etiam
695 2270 840 2333 exercitu
854 2267 1018 2332 hincinde
1034 2278 1238 2353 congregato,
1253 2268 1297 2333 ad
1338 2289 1439 2354 ugnam

337 2375 403 2417 non
425 2364 473 2419 est
491 2374 708 2452 progressum,
737 2353 793 2417 sed
821 2352 968 2416 incendia
988 2351 1135 2417 villarum
1158 2363 1189 2418 et
1210 2292 1438 2439 depredationes

338 2446 369 2502 et
382 2446 577 2502 vastationes
599 2438 768 2502 civitatum
784 2447 816 2502 et
830 2448 1007 2502 castrorum
1021 2438 1112 2507 fiunt.
1155 2438 1250 2502 Iussu
1263 2439 1358 2524 regio
1373 2433 1438 2502 bello

337 2531 450 2607 treuge
472 2519 657 2586 succedunt.

422 2604 499 2670 Otto
533 2603 702 2669 cardinalis
734 2626 754 2667 a
782 2605 886 2670 Dacie
923 2605 1068 2692 partibus
1099 2604 1285 2670 Coloniamf
1313 2606 1437 2683 veniens,

336 2687 459 2754 ibidem
486 2689 625 2754 natalem
652 2688 786 2753 Domini
814 2688 969 2772 celebrat,
1002 2689 1111 2754 sollem
1135 2691 1217 2755 niter
1244 2699 1393 2776 receptus
1415 2695 1438 2752 et

335 2774 517 2838 honoratus.
560 2772 640 2838 Inde
661 2772 823 2856 recedens,
852 2795 872 2836 a
896 2774 940 2838 ud
962 2712 1165 2860 Herbipoim
1187 2772 1363 2838 concilium
1382 2793 1437 2858 pro-

335 2855 472 2922 vinciale
493 2857 620 2940 indicit,
642 2857 699 2922 sed
720 2797 930 2922 renitentibus
952 2859 1152 2957 principibus
1173 2857 1264 2922 laicis
1286 2867 1321 2922 et
1343 2856 1437 2944 paucis

335 2941 543 3007 ecclesiarum
565 2939 694 3028 prelatis
715 2942 927 3024 venientibus,
949 2943 1210 3008 1ratusrecessit.

419 3025 543 3092 Eodem
559 3048 643 3090 anno
658 3027 834 3110 imperator
848 3030 869 3090 a
883 3049 969 3112 papa
982 3026 1167 3110 absolvitur,
1189 3025 1353 3092 mediante
1375 3023 1437 3088 duce

335 3110 465 3176 Austris
485 3109 644 3197 Lupoldo,
668 3111 732 3194 qui,
753 3120 891 3176 tractatu
913 3112 1001 3196 pacis
1022 3121 1154 3196 peracto
1175 3112 1258 3175 inter
1280 3116 1438 3196 papamet

334 3194 568 3280 imperatorem,
594 3195 683 3280 apud
705 3192 860 3259 Sanctum
883 3195 1081 3260 Germanum
1101 3197 1136 3260 in
1158 3193 1339 3280 Campania
1360 3192 1437 3258 mori-

334 3287 403 3362 tur,
433 3279 524 3343 cuius
546 3280 671 3344 viscera
698 3287 730 3342 et
759 3300 870 3343 carnes
897 3280 955 3343 ing
984 3278 1123 3364 capitulo
1153 3279 1264 3344 Sancti
1286 3275 1437 3344 Benedicti

334 3364 451 3427 montis
463 3362 664 3428 Cassinensis
678 3361 883 3445 tumulantur,
907 3364 1032 3430 ossibus
1044 3363 1077 3426 in
1088 3364 1253 3428 Austriam
1270 3362 1436 3449 reportatis.

713 3447 808 3511 Anno
829 3447 963 3511 Domini
986 3448 1077 3512 1231.

417 3531 606 3616 Imperator,
628 3530 714 3594 facta
734 3552 814 3616 pace
837 3552 909 3594 cum
931 3553 1026 3616 papa,
1049 3532 1116 3595 adll
1138 3531 1272 3596 eandem
1293 3528 1437 3595 mensami

335 3617 524 3681 convivatur
542 3617 577 3678 in
599 3614 727 3679 civitate
748 3636 833 3701 pape
849 3637 912 3701 que
926 3615 1076 3701 Anagnia
1096 3615 1223 3697 dicitur,
1244 3616 1278 3679 in
1300 3611 1437 3681 cenaculo

409 3794 437 3862 *)
458 3796 551 3847 Sancti
570 3797 763 3848 Penthaleonis
783 3797 847 3849 aaa,
869 3795 921 3849 01.
940 3799 965 3849 2.

390 3869 436 3936 **)
458 3869 645 3921 Coloniensem
666 3870 731 3922 add.
752 3869 803 3922 01.
821 3871 846 3921 2.

335 4069 430 4122 amp.
448 4071 584 4125 013Hysp.
602 4072 645 4112 02.
736 4069 826 4123 onie.
844 4072 888 4112 02.
979 4069 1072 4123 clsyb.
1091 4073 1163 4115 (11.2.
1254 4069 1438 4125 amantea·

336 4128 469 4178 Sensburga
485 4131 529 4171 01.
559 4129 805 4181 e)acreccrr.Bl.
850 4129 904 4181 nv.
922 4131 1061 4173 Cotem.
1094 4130 1209 4182 &cctam
1226 4133 1298 4174 OM.
1328 4128 1436 4182 antor.

336 4187 354 4239 i)
371 4199 476 4228 mensam
492 4201 549 4231 carr.
566 4200 670 4231 mensem
686 4190 729 4229 02.

338 4355 364 4416 1)
384 4352 521 4418 Alfonsaa.
608 4357 637 4424 2)
657 4357 848 4410 Perdiccadaa
867 4359 926 4410 III.
1021 4358 1051 4425 3)
1071 4358 1187 4412 Mar-ida.
1278 4361 1307 4425 4)
1326 4356 1433 4410 Iacobus·

337 4426 367 4492 6)
387 4425 550 4480 Ham-aaa.
626 4429 655 4496 6)
675 4429 813 4499 Sicybwry.
891 4431 918 4498 7)
938 4433 1082 4500 Beasbcrp.
1156 4433 1186 4500 8)
1207 4433 1327 4501 Zrtlpiclr.
