2924 5006
324 400 376 450 190
438 395 626 448 cnuonwt
638 395 750 448 REGIA
765 393 1017 446 COLONIENSIS.
1038 394 1141 446 CONT.
1155 395 1193 446 Il.
1214 395 1250 445 A.
1265 393 1344 444 lars.

322 573 355 629 et
376 563 462 627 circa
481 562 629 628 Rhenum
651 560 714 625 huc
735 560 874 662 illucque
895 560 1059 648 aliquanto
1082 584 1115 625 se
1137 570 1287 646 tempore
1310 568 1425 643 agend,

321 647 452 712 tandem
473 648 507 712 in
523 645 699 710 Saxoniam
715 656 858 728 secess1t;
879 644 937 710 ubi
959 655 1153 730 congregato
1173 645 1334 724 exercitu,
1355 643 1426 740 circa

323 742 456 797 estatem
478 740 596 796 terram
617 729 788 816 lantgravii
809 730 913 796 denuo
943 733 977 793 in
1000 752 1116 811 rossus,
1144 727 1294 809 cedibus,
1323 747 1427 874 rapmn

322 825 354 882 et
379 814 535 880 incendiis
556 813 658 896 villas,
684 814 791 896 urbeS,
819 813 950 879 castella
977 753 1144 897 destruxit,
1173 826 1204 879 et
1234 810 1327 899 quod
1378 813 1429 872 'ctu

322 899 513 981 miserabile,
532 899 644 963 auditu
661 898 802 964 terribile
822 909 878 980 cst,
900 920 1007 963 sacras
1021 899 1115 963 etiam
1128 899 1278 983 virgines
1291 893 1431 960 violenter

321 986 363 1050 de
385 983 523 1049 claustro
553 983 693 1068 quodam
715 985 843 1065 eiciens,
870 992 1011 1048 castrum
1036 982 1097 1047 sibi
1120 983 1316 1059 construxit,
1339 977 1431 1066 plures

321 1072 454 1155 insuper
465 1066 616 1134 ecclesias
629 1067 725 1132 simili
735 1077 818 1133 sorte
833 1068 966 1153 perdere
979 1090 1044 1130 non
1056 1068 1229 1153 pertimuit.
1258 1061 1432 1129 Fridericus

322 1176 399 1219 vero
419 1175 480 1217 rex
501 1153 535 1214 in
555 1174 595 1215 su
619 1153 775 1218 erioribus
796 1153 1043 1238 circumquaque
1066 1173 1099 1216 se
1120 1150 1261 1216 feliciter
1283 1146 1405 1234 agebat

406 1237 565 1301 Iohannes
610 1238 790 1302 revirorum
811 1235 917 1300 archis
942 1237 1070 1322 isccpus
1094 1235 1186 1318 obiit3
1210 1236 1268 1299 cui
1286 1233 1431 1310 Thiricus,

323 1323 506 1409 prepositus
529 1319 642 1385 Sancti
665 1320 834 1386 Ouniberti
855 1321 890 1384 in
912 1258 1057 1400 dolonn,
1078 1321 1247 1384 successit.

406 1405 565 1470 lohannes
588 1428 647 1471 rex
669 1404 785 1491 Anglie
807 1427 890 1491 pape
912 1404 1149 1486 reconciliatum
1173 1403 1262 1467 unde
1286 1412 1356 1466 tam
1374 1399 1431 1483 ipse

346 1511 422 1554 uam
437 1491 541 1554 omnis
560 1498 645 1554 terra
666 1511 725 1554 sua
744 1510 765 1553 a
783 1489 889 1554 banno
905 1488 1031 1554 absolvi
1052 1499 1084 1553 01
1102 1511 1122 1552 0
1136 1511 1222 1575 papa
1242 1487 1319 1550 loco
1341 1481 1433 1547 dilecti

322 1512 382 1638 dlii
392 1575 540 1660 adoptari
551 1584 701 1639 meretur.
763 1573 891 1638 Bellum
907 1577 989 1639 inter
999 1572 1209 1637 Ludowicum
1222 1593 1338 1657 regem
1349 1568 1433 1632 Fran·

321 1661 372 1724 cie
394 1668 426 1724 et
439 1659 615 1724 Iohannem
636 1681 670 1722 10
695 1680 746 1723 em
760 1657 877 1743 Anglie
895 1657 1105 1740 recrudescit,
1127 1656 1212 1722 unde
1227 1678 1293 1720 rex
1307 1655 1433 1718 Franco-

322 1766 394 1808 rum
423 1743 598 1808 maximam
627 1764 658 1804 m
694 1742 863 1808 titudinem
896 1744 1026 1807 navium
1059 1741 1166 1827 parari
1194 1762 1321 1826 easque
1349 1733 1431 1830 rebus

324 1827 484 1909 omnibus,
505 1829 625 1915 quibus
645 1826 687 1891 ad
702 1825 821 1890 bellum
835 1827 883 1891 uti
897 1825 986 1908 solet,
1008 1827 1149 1891 onustari
1163 1826 1325 1911 precepit,
1347 1829 1382 1883 111
1393 1817 1432 1880 lus

323 1934 412 1977 mare
434 1934 510 1976 cum
531 1913 676 1977 exercitu
698 1913 853 1976 transiens
880 1923 998 1977 terram
1023 1910 1141 1996 Anglie
1167 1909 1338 1996 inprovise
1358 1906 1431 1967 inva-

323 1997 426 2078 deret3
450 1995 507 2060 sed
528 1997 688 2062 exercitus
710 1997 795 2081 regis
811 1994 990 2080 Anglorum
1005 1996 1073 2060 eius
1095 1994 1227 2059 insidias
1242 1990 1431 2080 preveniens,

323 2090 454 2166 repente
465 2081 595 2165 navigio
610 2081 808 2166 supervenit,
824 2101 923 2144 naves
939 2081 1066 2162 invasit,
1082 2078 1336 2166 quadringentas
1351 2073 1431 2138 etiam

322 2175 357 2230 et
378 2163 475 2251 paulo
496 2163 604 2250 plures
626 2186 700 2228 cum
723 2165 810 2228 omni
831 2174 988 2250 apparatu
1009 2185 1066 2228 suo
1090 2185 1198 2228 seeum
1220 2159 1361 2226 abduxit
1370 2171 1388 2218 ¹.

408 2248 579 2314 Heinricus
602 2247 670 2312 dux
691 2247 864 2313 Brabantie
886 2249 1105 2334 Tungrensem
1128 2248 1297 2312 civitatem
1318 2259 1431 2328 aggrcs

324 2354 378 2396 sus
399 2335 473 2418 igne
494 2332 653 2414 devastat,
680 2354 775 2419 quem
800 2331 1024 2397 recondentem
1049 2333 1222 2417 episcopus
1242 2322 1428 2400 Leodiensis,

324 2438 432 2481 comes
465 2415 671 2483 Flandrensis
703 2438 778 2480 cum
811 2417 955 2481 exercitu
985 2417 1129 2497 insecuti,
1162 2413 1250 2500 apud
1284 2411 1428 2477 civitatem

324 2500 498 2566 Landene²
512 2523 662 2586 magnam
678 2511 818 2585 stragem
836 2499 1001 2564 hominurn
1017 2500 1188 2582 dederunt;
1209 2501 1282 2585 ipse
1297 2497 1354 2562 vix
1367 2492 1428 2574 fuga

323 2582 434 2671 lapsus
456 2587 568 2654 evasit.

409 2667 567 2732 lohannes
583 2691 640 2734 rex
651 2667 777 2754 Anglie,
795 2669 979 2734 convocatis
994 2668 1035 2732 ad
1050 2691 1084 2734 se
1099 2667 1313 2754 principibus,
1328 2661 1429 2748 prima

324 2748 412 2815 tibus
441 2763 473 2816 et
494 2753 605 2836 primis
632 2755 723 2838 regni
744 2755 803 2835 sui,
834 2764 956 2818 secreta
984 2751 1108 2817 consilii
1139 2754 1188 2816 sui
1217 2762 1249 2816 01
1279 2747 1357 2838 quid
1382 2762 1428 2828 per

325 2834 463 2900 multum
493 2847 620 2922 tempus
653 2859 761 2902 secum
795 2847 993 2923 pertractans
1027 2835 1249 2918 deliberasset,
1296 2829 1428 2899 omnibus

322 2925 461 3004 aperuit,
482 2919 604 2986 scilicet
625 2921 854 3007 profectionem
875 2923 909 2985 in
923 2922 1094 2985 Franciam
1110 2921 1151 2984 ad
1173 2919 1307 2984 iniurias
1329 2940 1348 2981 a
1367 2930 1428 2996 rege

324 3004 526 3070 Francorum
548 3005 609 3070 sibi
631 3004 778 3092 pluribus
799 3006 864 3070 iam
886 3007 978 3069 aunis
999 3003 1103 3081 illatas
1125 3003 1338 3082 ulciscendas,
1366 3000 1392 3063 ci

322 3095 416 3170 tates,
437 3088 544 3172 urbes,
572 3088 701 3154 castella
720 3088 846 3174 aliaque
868 3112 964 3176 quam
986 3089 1123 3175 plurima
1136 3111 1156 3151 a
1170 3090 1235 3152 iam
1258 3087 1382 3153 dictor

323 3173 388 3238 sibi
403 3173 562 3238 violenter
582 3172 698 3255 ablata,
721 3175 780 3239 etsi
801 3195 866 3238 non
887 3195 1083 3260 perpacem,
1106 3193 1266 3259 perarma
1282 3169 1414 3251 seutiqu
1436 3233 1439 3242 ,

326 3269 541 3343 recepturum.
585 3258 712 3338 Quibus
734 3258 882 3322 omnibus
904 3256 1139 3344 beneplacitum
1155 3258 1240 3341 regis
1262 3251 1429 3344 approbat}-

324 3340 424 3422 tibus,
454 3352 485 3407 01
506 3343 539 3405 in
560 3342 594 3406 id
616 3344 726 3408 votiva
754 3341 937 3425 concordia,
965 3343 1108 3406 unanimi
1131 3363 1289 3406 consensu
1319 3352 1428 3418 conspr

326 3425 486 3506 rantibus,
519 3437 618 3512 utque
646 3425 778 3490 celerius
810 3429 882 3512 ipsa
910 3427 1072 3512 expeditio
1128 3427 1314 3491 erficeretur
1344 3419 1428 3486 artius

326 3509 557 3590 insistentibus,
594 3533 662 3592 1011,
695 3512 801 3575 missis
834 3513 1083 3597 circumquaque
1104 3449 1233 3596 legatis,
1266 3509 1427 3574 exereitum

323 3595 495 3680 copiosum
517 3594 663 3676 adunari,
685 3618 784 3660 naves
805 3597 950 3680 ingentes
974 3606 1005 3660 et
1026 3595 1149 3660 validas
1171 3595 1251 3675 fieri,
1272 3594 1427 3662 frumento,

323 3679 404 3743 vino
427 3680 578 3765 omnique
598 3702 715 3765 genere
738 3681 930 3745 cibariorum
954 3681 1088 3761 onerari,
1109 3681 1331 3761 instrumenta,
1354 3683 1427 3739 uten-

322 3761 409 3845 silia,
430 3785 519 3827 arma
540 3762 660 3828 diversi
681 3765 817 3850 generis,
845 3785 959 3828 aurum
982 3774 1015 3828 01
1035 3774 1202 3850 argentum
1230 3763 1386 3827 infinitum
1403 3758 1428 3816 θῑ

322 3850 437 3912 omnia
458 3869 521 3933 que
541 3855 630 3912 tanto
658 3849 814 3912 exercitui
842 3847 885 3911 ad
908 3851 925 3913 7
949 3870 1049 3912 annos
1071 3847 1121 3912 vel
1148 3846 1285 3934 amplius
1315 3843 1427 3931 copiose

323 3931 511 3997 sufficerent
532 3930 827 3996 habundantissime
848 3933 1016 4019 preparari
1037 3932 1212 3996 mandavit.

412 4015 489 4100 Ipso
500 4037 583 4080 011110
595 4017 729 4101 contigit
738 4039 790 4080 res
800 4019 876 4081 satis
887 4017 1034 4081 miranda
1044 4027 1076 4082 et
1089 4017 1161 4083 ideo
1173 4016 1276 4102 magis
1287 4005 1427 4092 miranda,

326 4137 353 4190 a)
370 4138 411 4179 ubi
426 4151 505 4189 congr.
522 4142 585 4180 etiam
600 4143 699 4182 hocloco
715 4143 766 4184 add.
782 4143 832 4185 A2.

331 4232 360 4302 l)
380 4234 946 4304 9000900010001101111010000οΜ1110
966 4239 1102 4293 commissa
1121 4241 1217 4308 aqtrur.
1287 4238 1316 4306 2)
1329 4230 1426 4289 Laudes

327 4305 359 4358 a'n
378 4307 538 4362 Brabnatia.
577 4309 616 4378 by.
636 4311 668 4362 de
687 4312 738 4363 1100
749 4329 847 4380 pupae
864 4330 947 4378 prope
964 4312 1074 4380 Steppes
1094 4314 1230 4364 commissa
1245 4311 1352 4365 Balacri
1367 4305 1424 4358 11111·

321 4381 513 4448 1161178911·
539 4383 570 4434 θ.
586 4384 614 4436 S.
636 4384 728 4449 Trud„
747 4383 844 4450 SS.X,
861 4405 889 4452 p.
904 4388 973 4452 3923
998 4387 1027 4439 V.
1045 4387 1155 4452 odiliae,
1175 4385 1225 4438 SS.
1236 4387 1323 4451 XXV,
1337 4403 1363 4451 p.
1376 4376 1425 4430 133·
