2934 4998
282 375 336 426 318
557 374 741 429 DIALOGUS
763 375 912 427 cnnmcl
931 375 979 425 ΕΤ
996 373 1108 426 LAICI.

282 545 317 609 in
338 566 376 610 eo
399 567 490 630 spem
511 543 691 609 habuerunt
715 542 936 629 resipiscendi,
957 545 1030 608 ideo
1057 545 1253 608 sentenciam
1280 544 1407 631 deposi-
1462 551 1463 554 ’

282 630 378 695 tionis
400 631 433 692 in
455 651 539 709 eum,
562 627 691 713 expleto
714 627 776 692 sibi
797 629 975 714 proscripto
997 629 1144 711 termino,
1166 628 1339 694 tulerunt1.

367 713 495 778 Laicus.
538 712 632 776 Hanc
655 715 844 778 sententiam
858 734 916 797 pro
931 713 1017 777 bono
1031 713 1123 799 pacis
1137 722 1286 799 poterant
1306 713 1407 778 distu-

283 798 367 880 lisse,
397 797 500 862 donec
528 817 615 883 papa
646 795 759 861 melius
786 819 884 882 super
913 796 975 861 hoc
1005 795 1222 862 consuleretur
1253 807 1286 863 et
1325 800 1411 885 peri-

284 882 392 948 culum
414 892 498 948 terre
519 881 688 945 imminens
710 882 740 946 ei
760 880 885 980 plenius
908 881 1153 967 significaretur.

369 964 520 1032 Clericus.
568 965 642 1028 Hoc
671 964 711 1029 ab
741 988 787 1030 ers
815 966 891 1030 satis
916 964 1113 1051 postulatum
1134 966 1203 1030 fuit.
1254 965 1322 1031 Sed
1344 968 1411 1054 ipsi

283 1061 488 1132 rennuerunt,
511 1047 707 1114 affirmantes
730 1072 764 1115 se
786 1061 819 1116 et
838 1049 993 1114 honorem
1014 1072 1108 1114 suum
1122 1049 1303 1116 nullatenus
1326 1051 1411 1116 velle

283 1139 318 1202 in
342 1134 405 1199 hoc
430 1134 514 1199 facto
546 1133 729 1219 periclitari,
765 1136 841 1220 quia
862 1134 1041 1221 periculum
1061 1135 1140 1220 ipsis
1160 1135 1356 1219 immineret,
1383 1137 1412 1200 si

284 1219 472 1284 mandatum
494 1216 705 1304 apostolicum
726 1240 790 1283 non
812 1229 1063 1306 exequerentur,
1085 1227 1117 1284 et
1129 1229 1339 1305 sumpserunt
1354 1242 1411 1284 ex-

285 1326 336 1370 em
360 1303 426 1367 lum
453 1303 493 1368 de
521 1301 691 1366 interdicto
712 1304 860 1386 Francie,
888 1303 975 1390 quod
1027 1325 1090 1390 apa
1117 1301 1165 1367 illi
1186 1305 1410 1386 mandaverat,

285 1323 358 1453 sedp
354 1395 552 1469 executores,
564 1388 649 1472 quia,
665 1387 747 1450 sicut
760 1387 840 1452 illud
855 1389 901 1452 eis
915 1326 1101 1452 mandatum
1116 1386 1229 1470 fuerat,
1240 1410 1306 1453 non
1317 1410 1410 1453 man·

285 1472 441 1537 daverant
462 1472 654 1551 executioni,
700 1493 762 1556 apa
784 1494 838 1537 eos
859 1474 1003 1557 graviter
1023 1470 1099 1537 inde
1144 1473 1257 1536 univit.

369 1555 496 1620 Laicus.
541 1555 576 1620 si
597 1557 659 1642 ipsi
676 1493 912 1641 depositionem
930 1556 1058 1622 differre
1078 1495 1249 1622 noberunt
1262 1557 1411 1622 fortassis

285 1649 418 1726 propter
457 1661 589 1704 causam
621 1661 718 1726 quam
753 1640 880 1722 dixisti,
909 1662 1008 1727 quare
1046 1641 1155 1707 clerici
1185 1663 1251 1706 non
1291 1640 1409 1706 saltem

285 1723 476 1791 distulerunt
496 1723 706 1790 electionem?

369 1806 525 1874 Clericus.
574 1808 624 1873 Ne
653 1829 739 1894 papa
766 1807 911 1874 similiter
938 1811 983 1876 eis
1011 1810 1094 1874 sicut
1120 1810 1281 1875 iudicibus
1309 1809 1409 1874 offen-

286 1894 413 1959 deretur
439 1915 498 1979 pro
526 1891 687 1975 dilatione,
715 1895 884 1978 presertim
934 1896 989 1958 uia
1015 1893 1062 1958 nil
1088 1895 1264 1960 securitatis
1286 1893 1408 1959 habere

284 1988 433 2065 poterant
447 1977 678 2043 emendationis
690 1977 811 2041 domini
822 1915 966 2066 A[d0lfi],
981 1979 1009 2042 si
1024 1978 1222 2062 differrent⁸;
1234 1978 1290 2043 sed
1302 1979 1409 2064 magis

286 2061 454 2127 ecclesiam
476 2061 652 2127 desolatam
673 2061 905 2147 relinquerent3
927 2071 959 2127 et
980 2061 1111 2128 stultum
1133 2085 1203 2129 esse
1226 2062 1408 2144 videbatur,

285 2146 342 2211 ubi
362 2144 462 2210 nichil
489 2147 558 2232 spei
587 2146 818 2211 emendationis
844 2145 1009 2230 haberent,
1038 2146 1084 2213 ibi
1113 2170 1148 2212 se
1170 2147 1408 2234 dampnationis

285 2228 428 2316 periculo
451 2241 677 2317 supponerent.

369 2315 496 2380 Laicus.
540 2315 648 2395 Quare
669 2336 734 2379 non
756 2313 936 2380 detulerunt
957 2313 1163 2401 appellationi
1184 2314 1313 2379 maioris
1333 2337 1408 2400 prc-

285 2400 382 2487 positi
389 2410 412 2478 ²,
435 2400 491 2498 qui
512 2420 583 2463 eam
599 2400 752 2464 canonice
767 2411 800 2465 ct
813 2398 955 2482 legitime
969 2400 1140 2466 videbatur
1155 2398 1408 2484 interposuisse?

370 2482 525 2549 Clancus.
559 2483 595 2547 Si
617 2484 769 2549 canonice
790 2505 828 2548 ac
846 2484 986 2568 legitime
1001 2506 1074 2548 eam
1087 2485 1289 2570 interposuit,
1304 2504 1405 2570 quare

285 2581 410 2635 nonest
423 2577 612 2653 prosecutus
627 2567 724 2651 illam,
739 2566 790 2633 vel
804 2590 863 2654 per
877 2590 911 2632 se
925 2569 978 2632 vel
990 2591 1048 2654 per
1057 2570 1209 2633 nuncium
1220 2567 1406 2653 ydoneum?

287 2652 417 2719 Habeat
438 2653 525 2739 quod
546 2652 609 2717 sibi
634 2654 784 2739 imputet3
812 2675 871 2718 nos
886 2653 1015 2735 scimus,
1037 2652 1125 2740 quod
1148 2653 1296 2717 dominus
1317 2674 1406 2738 papa

287 2736 474 2803 electionem
503 2736 638 2802 ecclesie
667 2737 869 2822 approbavit,
897 2734 1035 2802 electum
1067 2760 1160 2802 suum
1194 2737 1405 2817 confirmavit,

286 2821 419 2922 pallium
442 2821 481 2885 de
504 2843 638 2908 corpore
659 2820 746 2886 beati
766 2822 853 2886 Petri
881 2833 1045 2907 sumptum
1072 2823 1103 2886 ei
1131 2822 1319 2904 transmisit3
1351 2822 1406 2885 cui

285 2929 320 2969 1n
342 2908 528 3004 episcopum
551 2905 696 2971 ordinato
718 2906 804 2971 etin
825 2905 1102 2992 archiepiscopum
1130 2905 1316 2970 confirmato
1344 2927 1407 2968 nos

285 2990 344 3056 filii
365 2990 545 3055 obcdrcntie
567 2989 745 3072 obedimus,
769 2991 852 3055 sicut
873 2999 905 3055 et
926 3011 983 3055 vos
999 2990 1249 3055 contradictores
1270 2990 1406 3072 facietis,

287 3075 415 3163 quando
437 3075 645 3159 resipueritis.

370 3159 497 3223 Laicus.
540 3157 614 3222 Noli
635 3158 696 3222 hoc
717 3158 839 3240 dicere3
861 3159 1028 3224 nobiscum
1049 3160 1134 3224 enim
1161 3159 1313 3222 iniuriose
1340 3157 1406 3221 fac-

286 3254 354 3309 tum
384 3253 448 3308 est:
470 3241 638 3307 nobiscum
662 3242 744 3325 dico,
767 3244 852 3330 quia,
875 3245 1022 3330 quisquis
1044 3265 1105 3328 ego
1134 3243 1203 3325 sim,
1234 3253 1342 3307 tamen
1369 3243 1404 3306 in

285 3350 424 3427 persona
444 3327 579 3391 alicuius
601 3327 731 3392 baronis
752 3325 876 3413 loquor,
898 3336 930 3392 ct
951 3326 1024 3392 idco
1046 3326 1131 3391 dico:
1160 3325 1329 3391 nobiscum
1359 3327 1404 3390 in-

285 3423 367 3478 ruste
389 3421 496 3476 actum
518 3420 575 3476 est.
619 3411 654 3476 Si
676 3411 788 3476 electio
811 3413 895 3474 enim
917 3412 985 3476 fieri
1006 3421 1141 3498 poterat,
1167 3409 1222 3474 illa
1250 3409 1404 3476 celebrari

286 3519 351 3562 non
373 3495 485 3562 debuit
504 3496 566 3559 nisi
611 3495 790 3560 resentibus
817 3495 978 3560 nobilibus
1007 3506 1100 3578 terre,
1122 3495 1319 3562 beneficiatis
1349 3495 1404 3560 ho-

286 3582 427 3647 minibus
450 3580 561 3644 Sancti
581 3518 669 3645 detri
690 3589 722 3644 et
743 3581 876 3644 summis
891 3579 1081 3645 officialibus
1097 3580 1253 3666 episcopi,
1269 3599 1404 3665 quorum

287 3678 335 3731 est
356 3664 543 3730 electionem
565 3684 585 3726 a
608 3663 760 3750 probare3
784 3664 871 3750 quod
892 3665 1023 3729 minime
1045 3664 1249 3730 observatum
1272 3674 1330 3728 est.

372 3748 526 3815 Clericus.
576 3687 693 3813 Cateor
720 3748 791 3831 hoc,
819 3748 915 3835 quod,
943 3750 971 3812 si
999 3748 1153 3814 cathedra
1186 3749 1289 3813 sancti
1318 3749 1404 3813 Petri

287 3832 379 3900 solito
412 3855 502 3897 more
533 3842 670 3914 vacaret,
703 3833 771 3897 dies
799 3832 946 3897 electioni
973 3833 1089 3919 prefigi
1116 3842 1147 3899 et
1175 3831 1299 3896 nobiles
1320 3841 1403 3898 terre

287 3918 456 3984 convocari
478 3917 646 3999 deberent3
674 3917 731 3982 sed
760 3918 837 4003 quia
858 3916 953 3981 modo
981 3928 1089 4004 preter
1116 3939 1238 3982 morem
1266 3915 1405 3982 vacabat

287 4004 501 4090 episcopatus,
517 4010 550 4066 ct
570 4003 739 4088 episcopus
755 4003 832 4088 quib
848 4011 918 4066 erat
930 4011 1062 4087 propter
1076 4002 1261 4066 mandatum
1276 4010 1401 4088 aposto-

285 4086 384 4152 licum
405 4087 440 4150 in
461 4107 579 4172 penam
600 4086 650 4150 sui
671 4107 822 4151 excessus
844 4086 1019 4172 depositus,
1048 4095 1079 4152 et
1109 4107 1167 4152 vos
1196 4085 1333 4150 barones
1354 4088 1403 4150 sui

287 4247 311 4302 a)
328 4249 437 4291 differant
451 4262 469 4292 c.
528 4248 553 4302 b)
563 4250 622 4299 sort.
636 4251 755 4291 Mam.

288 4381 317 4446 1)
342 4383 371 4433 V.
390 4399 474 4447 supra
494 4381 553 4436 Otr.
572 4400 625 4450 rep.
646 4389 711 4435 cont.
732 4383 773 4436 ll.
794 4402 820 4436 a.
843 4383 921 4445 1205,
936 4401 966 4450 p.
988 4384 1049 4436 175.
1125 4380 1154 4449 2)
1174 4381 1336 4450 Enyclbtrta'.
