2944 5002
288 390 344 443 sot
501 385 657 438 MARTINI
677 380 923 437 CONTINUATIO
944 379 1195 433 cononmnffls.

378 552 594 638 Decrevitque
616 548 727 616 decem
750 558 863 636 captos
885 549 1045 614 exercitus
1068 547 1171 611 omnis

440 637 526 702 Huic
549 634 682 715 dandos,
706 656 786 721 quos
807 634 853 698 hii
873 633 1037 698 detinuere
1059 629 1130 695 sibi.

292 740 346 789 210
374 723 434 789 Est
454 721 507 785 hic
528 717 703 785 Ulixbonie
724 717 843 805 presul,
866 718 922 803 qui
943 725 990 781 tot
1011 715 1097 780 bona
1116 715 1233 778 nostris

441 802 592 885 Contulit,
613 813 663 868 ast
683 803 798 888 recipit
817 823 877 888 pro
900 799 1042 866 bonitate
1063 798 1193 863 malum.

377 891 436 956 Isti
481 889 632 973 orrigitur
653 887 694 952 ab
716 888 762 951 eis
808 908 844 951 ro
865 883 1016 950 necthare
1036 885 1143 963 mirra,

470 971 499 1037 el
520 993 579 1059 pro
601 969 703 1050 melle,
725 909 828 1035 scedis
849 992 909 1056 pro
931 969 1071 1056 pietatea
1093 967 1152 1031 sui.

379 1058 431 1124 Sis
477 1056 579 1122 atiens
601 1055 650 1120 his
672 1056 842 1142 perversis,
864 1075 986 1140 precor,
1009 1053 1127 1138 optime
1150 1048 1269 1138 presul,

296 1158 350 1207 220
473 1151 486 1206 t
506 1162 565 1226 pro
587 1140 720 1205 terrenis
742 1138 797 1206 det
817 1139 877 1204 tibi
899 1160 1024 1202 summa
1045 1137 1152 1202 Deus!

380 1263 535 1409 8010οῗ0,
557 1281 666 1346 queso,
684 1261 752 1358 pie,
773 1280 846 1324 mea
864 1268 975 1340 metra,
997 1267 1089 1343 pater
1103 1256 1298 1339 venerande,

442 1348 472 1411 V
496 1368 527 1409 1a
549 1354 651 1409 metra
671 1342 756 1426 hcet,
778 1364 840 1429 que
861 1341 921 1408 tibi
941 1341 1023 1428 lego,
1044 1341 1130 1427 lege!

380 1431 445 1495 Hic
466 1439 540 1496 sunt
560 1437 609 1494 ter
630 1429 726 1514 quine
748 1437 865 1514 partes,
885 1426 960 1492 hinc
981 1447 1142 1513 quamque
1162 1424 1302 1510 figuram

444 1514 479 1580 si
500 1515 637 1600 primam
659 1514 785 1598 iungas,
804 1512 935 1576 nomina
955 1519 1064 1575 nostra
1086 1530 1185 1574 creas.

297 1613 350 1664 225
379 1598 450 1664 Hec
473 1599 529 1685 qui
551 1597 669 1683 scripta
689 1596 780 1682 legis,
802 1619 865 1683 que
886 1596 991 1660 cernis
1013 1596 1046 1658 in
1068 1594 1118 1658 his
1133 1595 1241 1657 minus
1263 1600 1352 1677 apta,

441 1682 490 1748 Ne
510 1683 610 1746 risum
632 1689 791 1763 moveant,
812 1681 934 1767 corrige
956 1680 1023 1744 sive
1044 1678 1126 1744 tere!

380 1766 452 1849 Qus
473 1766 569 1832 modo
591 1774 694 1831 metra
714 1776 812 1847 tenes,
835 1767 952 1864 partim
975 1765 1078 1828 tenuit
1098 1764 1188 1848 prius
1210 1759 1307 1844 alter,

443 1851 508 1933 Qui
529 1873 581 1916 me
603 1850 772 1936 promovit,
795 1849 907 1914 ultimo
929 1857 1032 1913 metra
1053 1854 1142 1914 teret.

380 1936 429 2000 Ne
451 1935 590 2000 mireris!
614 1935 645 1999 ei
667 1934 792 2020 scripsi,
813 1934 917 2020 gratia
939 1933 1032 1997 ouius

298 2035 352 2084 230
442 2021 528 2086 Nota
549 2018 628 2083 mihi
648 2018 763 2101 fuerat,
783 2039 843 2082 nec
864 2015 924 2082 tibi
944 2027 1039 2082 notus
1061 2037 1158 2081 cram.

731 2321 955 2332 .....--·—-

830 2549 880 2601 IX.

487 2641 660 2694 MARTINI
678 2640 945 2696 CONTINUATIO
965 2639 1228 2694 COLONIENSIS.

222 2775 288 2818 rasa.
380 2747 471 2833 Papa
492 2769 620 2834 quoque
642 2745 791 2812 Clemens
818 2756 950 2833 quartus
972 2746 1065 2831 obiit3
1096 2746 1149 2810 cui
1170 2746 1410 2814 archidiaconus

297 2830 512 2913 Leodiensis1,
536 2833 592 2918 qui
614 2842 646 2897 et
668 2831 844 2916 Gregorius
866 2831 1010 2896 decimus
1033 2841 1082 2898 est
1103 2830 1220 2914 dictus,
1243 2834 1410 2918 successit3

297 2925 372 3003 post
393 2937 489 3002 quem
504 2915 708 2982 Innocentius
728 2917 857 3002 quintus
879 2937 966 3001 papa
981 2916 1160 2999 ordinatum
1184 2917 1237 2980 cui
1251 2916 1411 2983 Adrianus

298 3001 427 3087 quintus
453 3002 616 3066 successit.
660 3000 722 3067 Cui
750 3010 782 3065 et
802 3000 962 3065 Iohannes
991 3001 1161 3066 vicesimus
1188 3000 1313 3100 primus
1340 3002 1410 3068 sub·

298 3086 448 3150 stituitur.
497 3087 576 3150 Post
608 3108 704 3171 quem
736 3083 887 3149 Nicolaus
919 3086 1037 3150 tercius
1070 3084 1307 3150 subordinatur.
1351 3087 1409 3154 Cui

222 3197 287 3238 1281.
297 3170 454 3234 Martinus
477 3180 610 3255 quartus
631 3170 796 3235 successit.

382 3252 551 3319 Cunradus
565 3276 693 3353 quoque
707 3254 967 3339 archiepiscopus
980 3251 1179 3319 Coloniensis
1194 3274 1270 3317 cum
1281 3253 1411 3321 sedisset

297 3341 389 3403 annis
409 3339 524 3425 viginti
544 3337 648 3403 urbas
670 3360 742 3404 cum
768 3337 910 3421 dimidio,
933 3337 1068 3404 ecclesia
1094 3359 1152 3403 sua
1174 3336 1358 3405 Coloniensi
1378 3341 1409 3404 in

222 3440 287 3482 1261.
298 3445 424 3487 summa
437 3445 517 3509 pace
539 3421 700 3506 derelicta,
723 3421 803 3487 obiit
818 3433 850 3488 et
872 3421 1016 3509 sepultus
1038 3423 1140 3488 estin
1161 3423 1266 3488 novab
1279 3423 1410 3490 ecclesia

296 3507 383 3573 beati
405 3508 502 3589 Petri,
531 3507 623 3572 cuius
647 3518 678 3572 et
699 3509 839 3594 primum
860 3506 1001 3607 lapidem
1021 3507 1228 3572 fundamento
1250 3508 1409 3595 imposuit,

298 3589 460 3656 mausoleo
477 3613 574 3678 super
588 3614 660 3656 eum
674 3591 760 3656 fusili
774 3590 997 3657 decentissime
1008 3590 1172 3656 fabricato.
1194 3590 1258 3656 Cui
1267 3592 1410 3660 dominus

296 3671 504 3760 Engilbertus
528 3675 568 3741 de
589 3675 802 3775 Falkinburg,
825 3677 969 3742 eiusdem
991 3677 1122 3741 maioris
1144 3674 1278 3742 ecclesie
1299 3699 1409 3764 prepo-

298 3760 388 3842 situs,
419 3760 471 3823 vir
501 3762 536 3824 in
564 3762 708 3846 negociis
741 3783 807 3825 suis
839 3762 969 3826 minime
1001 3769 1218 3848 prosperatus,
1252 3763 1408 3828 successit.

297 3843 380 3908 Nam
409 3866 482 3908 cum
511 3843 552 3908 ad
579 3844 798 3930 reprimendas
826 3844 1028 3910 inimicorum
1053 3845 1279 3910 infestaciones
1301 3846 1407 3913 multo-

297 3931 385 3994 ciens
399 3937 465 3993 tam
476 3927 632 3993 nobilium
648 3951 744 4015 quam
758 3928 1013 3995 ministerialium
1029 3930 1195 4016 copiosum
1209 3929 1409 4016 produxisset

299 4014 488 4095 exercitum,
524 4035 652 4100 semper
684 4023 791 4079 tamen
823 4036 905 4102 pene
936 4013 1067 4079 inferior
1095 4013 1276 4098 videbatur,
1308 4017 1350 4081 ita
1376 4025 1409 4081 ut

224 4115 319 4160 meaa
346 4099 462 4163 comite
483 4096 675 4162 Iuliacensi²
707 4099 741 4162 in
768 4097 840 4163 loco
868 4099 924 4186 qui
952 4099 1068 4164 dicitur
1087 4097 1316 4183 Morienholzr,
1347 4101 1408 4166 suis

300 4221 323 4275 ι)
339 4225 481 4276 proprietate
498 4225 531 4268 sd.
590 4222 614 4277 b)
630 4236 698 4266 nowa
713 4237 730 4267 c.

302 4315 329 4382 1)
354 4318 519 4370 llteoboldas
543 4319 576 4372 de
595 4319 740 4373 Placentia.
816 4321 844 4386 2)
870 4321 1010 4375 Walhelmo.
1085 4320 1114 4390 3)
1134 4321 1210 4375 Inter
1233 4321 1368 4389 dirmetum
1386 4331 1409 4376 ct

298 4391 453 4456 Lecheniclr,
471 4408 555 4459 prope
575 4391 719 4446 Comatam.
