2944 5002
175 401 225 452 EX
244 400 337 453 HIST.
357 402 637 455 EXPEDITIONUM
657 403 697 452 IN
715 404 864 455 TERRAM
883 404 1059 456 SANO'I'AM.
1122 405 1177 456 347

36 571 166 638 medio
188 569 329 634 fluminis
350 569 444 635 huius
466 571 572 658 posita
593 581 641 635 est
662 572 790 652 urrist,
820 593 883 658 que
906 571 1004 637 clavis
1026 574 1254 639 Damiaterara.

34 665 89 721 et
105 665 205 755 porta
226 655 329 719 tocius
343 655 466 740 Egypti
487 666 594 742 potest
607 657 797 740 nuncupari.
839 656 924 721 Nam
945 679 965 721 a
986 679 1078 723 muro
1100 659 1178 722 civi-

36 749 132 806 tatis
156 739 198 804 ad
226 737 308 802 hanc
337 741 450 804 turrim
482 738 617 805 cathena
644 738 754 804 Nilum
788 738 938 806 claudens
988 742 1177 825 retenditur,

37 846 121 910 que
145 823 220 888 solis
242 823 473 888 mercatoribus
496 824 538 888 ad
552 823 740 910 replendam
752 824 939 910 Egyptumb
967 826 1177 892 estinantibus

38 909 98 974 ad
121 909 310 973 effusionem
332 907 469 973 thelonei
491 908 583 974 solita
606 918 654 972 est
674 909 802 995 aperiri.

208 1053 236 1116 7.
269 1051 328 1116 De
350 1054 656 1139 expugnatione
679 1052 805 1116 turris
825 1052 1029 1118 Damiate.

141 1171 396 1239 Advenientibus
419 1182 528 1237 autem
550 1171 742 1258 patriarcha,
774 1195 849 1258 rege
877 1181 909 1238 et
930 1173 1013 1239 duce
1034 1173 1175 1256 Austrie,

42 1257 89 1320 in
112 1256 224 1322 divino
245 1256 354 1321 labore
375 1256 515 1343 glorioso
538 1267 649 1321 eontra
669 1257 783 1321 turrim
804 1267 910 1322 erecte
930 1267 1003 1322 sunt
1017 1257 1174 1341 machine,

46 1343 202 1430 petraria
223 1351 255 1406 et
275 1339 452 1424 trabucoli5
475 1340 531 1406 sed
552 1341 612 1405 hec
634 1342 742 1406 omnia
755 1342 813 1406 vix
827 1341 995 1428 pulverem
1016 1341 1056 1407 de
1078 1344 1175 1408 turris

45 1425 204 1491 eiusdem
236 1425 404 1511 superficie
436 1427 506 1490 visa
538 1436 612 1489 sunt
642 1427 834 1490 excussisse.
885 1426 973 1506 Quid
1006 1449 1082 1512 ergo
1113 1428 1175 1492 viri

43 1511 186 1575 virtutis
207 1509 363 1594 agerent?
405 1509 489 1575 Miro
517 1510 647 1595 ingenio
669 1511 859 1609 magnisque
879 1509 1043 1576 laboribus
1065 1521 1098 1577 et
1121 1535 1175 1576 ex·

47 1595 168 1680 pensis
195 1594 279 1660 scale
309 1594 371 1658 due
401 1617 437 1658 su
463 1617 497 1658 er
523 1616 634 1675 naves,
689 1615 747 1658 uas
775 1618 881 1659 verius
910 1606 1024 1680 pontes
1053 1618 1175 1660 nuncu-

44 1677 181 1765 pandas
197 1700 320 1760 censeo,
342 1617 567 1743 extenduntur.
600 1678 665 1744 Sed
703 1679 757 1742 eu!
773 1679 955 1744 festinantia
969 1680 1175 1781 precipitavit

47 1785 150 1849 opus.
189 1763 273 1828 Nam
296 1785 370 1827 cum
391 1762 434 1827 ad
455 1765 569 1828 turrim
590 1764 655 1826 iam
670 1787 690 1827 a
713 1760 825 1862 plicari
840 1763 1036 1846 debuissent,
1059 1765 1174 1828 hueti⁰

47 1856 132 1911 sunt
161 1846 247 1928 mali,
283 1846 400 1912 milites
433 1869 561 1933 quoue
593 1858 625 1912 et
653 1786 777 1912 nobiles
810 1849 950 1929 sarienti,
982 1870 1002 1911 a
1030 1846 1173 1933 predicto

47 1941 154 2018 ponte
184 1931 345 2014 cadentes,
378 1953 438 2018 pro
468 1953 510 1996 no
535 1933 562 1996 is
591 1931 705 1996 melius
732 1933 915 2017 pugnaturi,
949 1931 1058 1997 celesti
1086 1934 1174 1998 curie

47 2037 115 2102 per
136 2017 326 2101 martyrium
348 2026 423 2080 sunt
444 2014 552 2081 oblati.
594 2015 649 2079 Ex
669 2017 731 2081 hoc
751 2014 835 2080 facto
860 2016 1029 2081 Sarraceni
1050 2018 1084 2080 in
1099 2016 1172 2081 Deo

49 2121 115 2164 suo
129 2099 317 2166 Mahumeth
338 2100 480 2181 animati,
502 2123 645 2186 pugnam
666 2101 758 2166 nobis
774 2099 987 2165 minabantur.
1030 2100 1174 2164 Econtra

49 2182 233 2270 Templarii
255 2186 289 2248 in
310 2185 408 2249 armis
435 2184 640 2270 imperterriti
662 2184 844 2270 militesque
866 2183 1076 2270 Hospitalarii
1099 2207 1174 2249 cum

48 2269 235 2354 peregrinis
266 2271 300 2333 in
329 2291 498 2333 occursum
529 2271 574 2334 eis
601 2270 733 2333 veniunt
764 2279 796 2333 et
826 2271 1007 2349 inveniunt3
1041 2268 1098 2333 sed
1129 2268 1172 2334 ad

49 2353 196 2438 primum
220 2375 426 2438 congressum
449 2353 507 2417 filii
528 2352 716 2438 perditionis
743 2363 834 2438 terga
855 2354 1006 2418 vertunt‘l
1034 2351 1171 2438 inglorii.

52 2436 223 2518 Quosdam
250 2449 358 2502 tamen
380 2436 503 2503 nobiles
530 2439 629 2502 nostri
651 2436 847 2524 reliquerunt
869 2439 1002 2503 occisos.
1045 2436 1172 2502 Deinde

50 2519 258 2608 blasphemia
285 2532 438 2606 cessante,
469 2544 565 2609 quam
595 2544 668 2586 cum
696 2525 763 2586 suis
793 2522 1049 2608 predicatoribus
1075 2523 1172 2608 patri-

49 2605 156 2670 archa
186 2608 397 2692 compescuit,
431 2606 473 2670 ad
487 2628 601 2670 ¹novas
631 2615 806 2670 structuras
839 2607 999 2692 prioribus
1026 2606 1171 2672 fortiores

50 2711 221 2754 reversum
248 2700 305 2756 est.
353 2689 543 2755 Theutouici
573 2711 649 2774 ergo
677 2690 720 2754 ad
749 2691 856 2755 omnia
883 2691 1114 2791 promptissimi
1140 2699 1172 2755 et

52 2774 207 2839 Frisones
237 2774 364 2839 hortatu
394 2775 540 2860 magistri
568 2773 691 2840 Oliveri
713 2773 914 2840 Coloniensrs
942 2774 1102 2840 scolastici
1129 2797 1172 2839 ex

52 2861 147 2944 puris
169 2857 348 2923 elemosinis
371 2859 452 2924 duos
474 2868 599 2945 emptos
629 2881 792 2944 coggones
820 2859 977 2924 subtiliter
998 2861 1171 2924 coniunxe-

50 2953 140 3007 runt.
187 2943 226 3007 In
248 2944 364 3030 quibus
385 2966 484 3029 supra
505 2953 641 3028 quatuor
661 2942 762 3007 malos
784 2954 914 3030 pontem
936 2953 968 3008 et
988 2964 1172 3030 propugna-

50 3025 163 3090 culum
191 3029 272 3093 miro
297 3028 431 3093 artificio
459 3028 674 3113 disponentes,
705 3029 793 3113 ipsas
817 3029 912 3092 etiam
940 3048 1039 3092 naves
1060 3037 1172 3091 contra

51 3111 165 3196 ignem
188 3123 219 3176 et
239 3113 458 3176 machinarum
480 3112 603 3199 lapides
618 3112 809 3176 munierunt.
853 3110 1084 3196 Completoque
1105 3111 1171 3174 iam

52 3216 163 3280 opere,
192 3194 278 3260 mille
301 3206 523 3260 sexcentarum
546 3194 770 3259 marcharume
792 3197 826 3259 in
848 3195 936 3258 eiusf
959 3193 1170 3281 completione

51 3280 199 3345 excrevit
220 3280 372 3345 debitum.
416 3281 485 3344 Ad¹
510 3303 645 3367 quarum
692 3279 938 3344 ersolutionemss
958 3279 1170 3343 famosissime

52 3361 238 3450 colunpneh
267 3366 346 3429 civis
368 3364 528 3429 Henricus
556 3364 610 3429 dei
674 3363 804 3428 ervothe
855 3364 1017 3428 uindecim
1045 3383 1170 3427 marcas

51 3449 126 3512 auri
147 3457 179 3512 et
200 3447 311 3513 decem
338 3451 462 3534 argenti
490 3447 633 3527 contulit,
667 3449 722 3548 qui
751 3471 815 3512 non
832 3385 935 3534 longe
964 3457 1038 3533 post
1063 3455 1170 3511 centu-

53 3531 147 3618 plum
175 3544 371 3618 recepturus,
403 3534 502 3598 vitam
528 3535 562 3596 in
589 3533 731 3597 Domino
760 3533 894 3598 feliciter
921 3532 1169 3614 consummavit,

54 3615 203 3682 similiter
231 3618 290 3682 flos
319 3616 507 3701 Thautonie,
540 3616 575 3681 id
607 3627 655 3683 est
688 3640 794 3682 comes
824 3615 962 3681 Adulfus
994 3615 1033 3682 de
1056 3615 1170 3764 Berge,

53 3701 255 3766 Francorum
284 3702 427 3766 omnium
455 3711 553 3789 caput
579 3711 611 3766 et
639 3703 819 3783 Frisonum,
852 3703 886 3765 in
916 3702 1007 3766 cuius
1037 3702 1125 3764 cons'
1139 3701 1171 3764 io

54 3793 142 3850 totus
164 3809 255 3871 spem
270 3809 361 3851 suam
376 3787 517 3873 ponebat
531 3788 701 3868 exercitus,
724 3785 810 3852 felici
832 3787 895 3850 fine
911 3785 1058 3867 decessit,
1081 3784 1171 3848 cuius

54 3890 131 3933 ossa
152 3871 238 3969 apud
261 3870 418 3957 hospitale
433 3871 704 3935 Theutonicorum
718 3869 942 3934 venerabiliter
962 3878 1036 3934 sunt
1056 3867 1171 3933 locata.

55 3953 178 4019 Infiniu
199 3957 294 4020 ctiam
316 3955 370 4019 alii
391 3965 423 4021 et
440 3955 581 4054 theologi
602 3957 636 4018 in
651 3955 848 4018 Parisiensil
870 3953 959 4018 fonte
979 3954 1092 4018 nutriti
1113 3953 1171 4018 ex¹

55 4038 237 4103 inordinata
272 4039 359 4105 dieta
394 4040 581 4104 dissenteria
622 4038 792 4103 comitante
829 4047 861 4102 et
901 4036 1005 4103 calore
1046 4036 1171 4102 cunetis

56 4164 80 4216 ι)
96 4163 209 4213 t’lturris
224 4178 242 4206 c.
308 4165 332 4219 b)
348 4168 449 4218 agyam
464 4179 482 4209 e.
550 4165 572 4219 c)
588 4167 643 4205 facti
658 4177 676 4204 c.
743 4164 766 4216 d)
782 4165 860 4204 verius
882 4170 933 4204 uate
955 4168 1048 4206 vertunt
1069 4175 1111 4205 scr.
1135 4164 1172 4204 red

55 4225 96 4266 del.
111 4237 129 4266 c.
176 4224 198 4277 e)
214 4227 238 4265 tn
252 4237 320 4276 mam.
335 4227 407 4276 suppl.
422 4238 440 4268 c.
492 4224 559 4276 ohta
574 4237 618 4264 scr.
634 4226 671 4264 sed
685 4225 747 4264 semel
761 4225 801 4266 uel.
817 4235 835 4266 t.
887 4223 911 4275 g)
925 4230 974 4274 post
989 4235 1052 4275 pers.
1067 4224 1108 4264 dal.
1126 4229 1171 4262 est:

56 4286 161 4327 excrevit
177 4286 288 4326 debitum.
333 4284 356 4337 h)
373 4284 527 4328 colonie?
571 4283 590 4335 i)
607 4285 661 4324 hers
674 4288 724 4334 post
740 4284 768 4324 ds
783 4295 825 4324 arr.
841 4285 878 4322 rect
892 4284 933 4325 del.
948 4295 966 4325 c.
1012 4282 1036 4334 k)
1053 4284 1138 4323 Parlefi
1152 4293 1171 4324 e.

54 4342 73 4396 l)
90 4355 117 4385 or
132 4346 182 4386 add.
199 4346 236 4384 aad
250 4345 290 4385 del.
306 4356 323 4384 e.

57 4438 87 4506 1)
105 4439 183 4491 Haeo
200 4441 229 4491 itt
249 4438 310 4492 aliis
329 4441 502 4493 relationibus
513 4441 624 4506 frustra
644 4455 768 4504 quaerar.
