2924 5006
180 445 369 500 CHRONIGA
389 445 502 498 auem
522 444 774 500 COLONIENSIS.
795 447 898 498 CONT.
917 447 950 497 A.
972 447 1052 497 1191.
1129 447 1181 498 153

461 617 631 670 Beceasio
651 618 676 671 l.
697 625 722 670 et
743 619 784 669 ΙΙ.

58 707 234 793 sexaginta
256 703 384 770 castella
405 704 440 767 in
461 703 656 769 deditionem
685 706 820 789 accepit,
853 704 956 769 donec
977 705 1011 768 in
1033 707 1181 790 Augusto

57 813 175 856 mense
197 791 281 854 aeris
303 790 483 853 inconsueti
504 788 692 873 intemperie
714 795 865 875 corrupto
888 789 1042 871 exercitu,
1072 811 1183 854 omnes

57 897 146 962 pene
190 875 354 960 principes
397 893 471 936 suos
506 871 621 952 amisit,
663 871 825 957 indequet
860 870 1000 950 tandem,
1043 873 1180 938 amissa¹

55 979 174 1039 uxore,
197 980 256 1057 per
278 956 387 1021 dolum
408 954 512 1019 rediit.
556 954 648 1020 Obiit
660 953 781 1020 ibidem
796 955 965 1042 Philippus
981 953 1182 1022 Coloniensis

56 1041 336 1127 archiep1scopuS,
359 1040 449 1103 cuius
467 1059 540 1102 ossa
554 1037 721 1103 Coloniam
741 1037 846 1104 delata
865 1050 896 1104 et
915 1041 948 1103 in
967 1039 1063 1104 domo
1080 1043 1182 1106 sancti

56 1127 151 1192 Petri
174 1124 305 1190 condita
327 1134 415 1206 sunt3
438 1123 655 1208 successitque
676 1124 710 1186 in
731 1122 837 1189 locum
860 1124 929 1188 eius
950 1124 1060 1188 Bruno
1082 1125 1184 1189 maior

56 1209 185 1275 ibidem
229 1231 264 1273 re
289 1209 398 1273 ositus.

147 1231 242 1358 Rudo
291 1290 514 1356 sLeodiensis
544 1289 715 1377 episcopus
745 1290 840 1373 obiit3
871 1292 924 1354 cui
953 1314 996 1356 ex
1022 1291 1184 1357 discordia

58 1377 252 1462 eligentium
284 1375 348 1439 duo
376 1395 577 1438 successores
605 1373 755 1438 destinati
777 1385 861 1457 sunt,
881 1374 1033 1441 Albertus
1063 1376 1185 1442 scilicet

2 1500 4 1508 ν
60 1460 321 1542 archidiaconus,
340 1458 437 1522 frater
452 1456 543 1521 ducis
558 1455 761 1536 Brabantiae,
781 1458 921 1545 itemque
935 1459 1087 1525 Albertus
1103 1461 1183 1525 eius·

62 1545 141 1610 dem
165 1542 316 1610 ecclesiae
348 1543 450 1606 maior
478 1542 674 1688 prepositum
707 1541 763 1606 sed
784 1544 873 1628 prior
894 1544 1046 1628 suffragio
1069 1565 1184 1630 cogna-

60 1639 175 1695 torum
203 1638 313 1693 contra
342 1647 463 1690 morem
492 1626 742 1690 eccesrasticum
769 1634 893 1690 armata
923 1648 1021 1690 manu
1053 1628 1183 1692 introni-

61 1723 165 1779 zatur.
251 1709 420 1796 Philippus
443 1731 549 1774 comes
564 1708 735 1775 Flandriae
753 1710 787 1772 in
808 1709 1013 1795 expeditione
1034 1711 1183 1793 moritur;

61 1799 155 1861 cuius
178 1806 263 1861 terra
291 1805 324 1859 et
353 1794 522 1858 comitatus
544 1793 771 1880 postmodum¹
794 1795 903 1858 comiti
925 1794 965 1858 de
986 1794 1183 1858 flinsbach-³

62 1881 162 1947 cessit
184 1880 267 1944 dono
291 1879 374 1963 regis
395 1879 565 1960 Franciae3
597 1879 652 1962 qui
681 1887 713 1942 et
740 1875 852 1941 eodem
873 1899 958 1942 anno
979 1878 1020 1942 de
1040 1877 1185 1944 lheroso-

63 1963 151 2028 limis
173 1962 277 2028 rediit.

433 2048 603 2103 Recensio
622 2050 647 2103 Ι.
668 2051 738 2103 cod.
757 2047 817 2104 A2.

147 2139 188 2203 In
209 2137 430 2203 transmarinis
451 2134 597 2221 partibus
626 2135 708 2201 bene
734 2158 755 2200 a
782 2135 963 2201 christianis
985 2145 1097 2202 contra
1118 2137 1184 2202 eth-

60 2225 152 2288 nicos
179 2232 357 2309 pugnatur,
384 2219 550 2306 multoque
578 2218 689 2284 labore
710 2219 798 2284 Acra
826 2219 956 2285 tandem
982 2221 1024 2287 ab
1055 2222 1101 2286 eis
1130 2222 1184 2288 ob-

403 2355 569 2407 Bcceaaio
589 2354 629 2405 II.
650 2355 744 2407 codd.
763 2355 797 2410 B.
819 2354 846 2408 0.

157 2449 189 2499 In
218 2449 400 2500 transmarinis
428 2447 546 2514 partibus
576 2447 660 2498 benc
689 2463 706 2497 a
734 2447 885 2499 christianis
903 2453 1008 2500 ¹contra
1040 2449 1185 2501 ethnicosc

80 2540 97 2574 1
117 2527 206 2576 natur.

61 2539 116 2591 pg
146 2588 230 2652 Nam
263 2610 339 2652 cum
366 2609 426 2674 per
457 2585 623 2650 biennium
653 2587 739 2650 circa
772 2586 990 2653 obsidionem⁴
1023 2589 1183 2654 exercitus

64 2673 259 2738 christianus
298 2682 330 2738 et
361 2670 493 2759 plurimi
523 2671 687 2819 principes
727 2693 800 2734 cum
844 2671 1000 2735 machinis
1032 2682 1065 2738 et
1098 2674 1185 2737 omni

1 2791 2 2824 l
63 2758 251 2823 armorum(l
265 2766 433 2843 apparatu,
456 2753 574 2842 quibus
592 2777 631 2819 ur
655 2778 670 2819 s
692 2753 796 2819 scindi
818 2765 850 2820 et
869 2757 1051 2842 expugnari
1090 2771 1184 2839 osset,

1 2869 2 2912 3
62 2841 199 2907 multum
217 2842 419 2906 insudassent
433 2849 466 2906 et
509 2861 601 2902 arum
617 2838 837 2926 profecissent,
859 2840 988 2904 tandem
1003 2840 1052 2904 Ph
1066 2778 1097 2904 li
1122 2863 1184 2927 pus

62 2949 122 2991 rex
159 2926 319 2990 Franciae
355 2934 387 2988 ct
421 2862 601 2988 Ricdbudus
636 2945 697 2989 rex
731 2921 869 3009 Angliae
912 2945 985 2988 cum
1019 2862 1182 3012 Pliylippo

1 3029 2 3032 ’
61 3010 179 3074 comite
201 3009 374 3074 Flandriae
403 3007 621 3089 advenientes,
649 3006 724 3071 forti
747 3007 911 3072 obsidione
934 3008 1097 3074 civitatem
1118 3007 1184 3073 val·

1 3139 2 3178 .
60 3093 220 3174 lavenmt,
247 3092 400 3178 plurimas
420 3102 614 3176 mangenas⁰
635 3092 669 3154 in
689 3091 826 3155 circuitu
845 3101 1029 3156 statuentes.
1072 3092 1183 3156 Muros

1 3209 2 3232 ÷
60 3178 160 3242 etiam
194 3176 363 3242 subfodere
396 3177 578 3262 cupientes,
614 3173 779 3240 machinas
818 3184 850 3239 et
884 3174 946 3238 alia
973 3176 1183 3240 instrumenta

59 3262 152 3326 iuxta
173 3259 328 3325 fossatum
351 3269 383 3325 et
403 3280 511 3324 muros
533 3259 604 3322 fieri
624 3261 795 3338 iusserunt,
824 3259 1006 3344 sagittarios
1028 3268 1060 3324 et
1080 3258 1183 3323 fundi·

60 3344 204 3412 bularios
225 3346 258 3408 in
281 3346 326 3409 eis
349 3351 531 3424 statuentes,
565 3352 601 3407 ut
621 3341 755 3429 gentiles
778 3365 798 3406 a
818 3342 965 3406 menibus
986 3353 1131 3408 arcerent
1152 3354 1184 3409 et

60 3430 202 3495 fossores
231 3430 338 3514 capita
370 3451 430 3492 sua
465 3437 533 3492 tuta
561 3449 581 3490 a
609 3425 722 3491 iaculis
755 3448 865 3491 eorum
895 3425 1057 3491 haberent.
1111 3427 1182 3492 Rex

61 3513 159 3578 etiam
182 3512 371 3595 Richardus,
399 3522 435 3578 ut
457 3532 601 3598 quosque
623 3510 665 3576 ad
686 3509 874 3575 fodiendum
895 3509 1090 3574 robustiores
1112 3510 1182 3576 red-

63 3597 163 3678 deret,
194 3596 339 3683 spondet,
369 3604 414 3678 ut,
444 3597 637 3694 quicumque
658 3595 689 3658 la
712 3593 797 3659 idem
821 3592 860 3658 de
882 3593 1022 3680 presidio
1045 3595 1182 3659 civitatis

64 3680 202 3746 deferret
223 3702 299 3746 suae
320 3689 508 3767 presentiae,
530 3677 667 3743 solidum
690 3617 893 3742 denariorum
914 3701 973 3764 pro
987 3700 1118 3743 munere
1140 3679 1182 3744 ab

63 3786 100 3829 co
129 3764 299 3850 acciperet.
349 3762 503 3829 Certatim
530 3761 623 3827 multi
644 3761 786 3849 periculo
820 3784 854 3826 se
886 3762 1120 3847 ingesserunt‘,
1150 3771 1182 3826 et

66 3848 233 3914 cavatione
244 3845 546 3934 permaximafacta,
560 3847 703 3934 [postes*
715 3856 747 3912 et
758 3845 865 3911 trabes
879 3847 940 3910 sub
954 3845 1182 3911 fundamental

136 3973 167 4040 *)
186 3975 264 4028 Haec
283 3975 379 4026 desunt
397 3973 431 4038 Β,
450 3973 497 4039 qui
511 3973 614 4040 perpit:
634 3968 698 4040 igne
717 3976 855 4042 supposito
871 3989 960 4024 murus
979 3975 1007 4023 in
1028 3989 1051 4023 c.

64 4119 86 4172 1)
101 4122 156 4162 inde
167 4123 211 4163 01.
247 4119 271 4172 b)
287 4119 455 4167 nischma
471 4119 593 4159 Heinehau
608 4119 657 4160 Bl.
673 4135 697 4156 -τ
711 4119 732 4171 c)
747 4121 861 4161 ethtnicor
877 4119 897 4158 B
907 4121 926 4160 1.
943 4115 985 4162 01.
1021 4111 1181 4169 'uternam

64 4182 278 4222 armamentorum
294 4180 341 4226 Bi,
356 4183 375 4217 ct
391 4179 423 4217 tte
438 4178 485 4217 Bi.
502 4179 546 4219 01.
562 4178 583 4220 2.
615 4177 755 4229 s)msgenas
771 4182 812 4227 01,
827 4190 885 4219 corr.
901 4190 928 4218 sa
944 4189 986 4220 rec.
1002 4177 1121 4218 machinas
1137 4177 1180 4224 01,

65 4245 82 4279 ct
96 4239 127 4279 tta
142 4240 189 4280 Bt.
207 4239 227 4282 1.
286 4237 304 4288 1)
320 4237 502 4278 tntecemnton
564 4235 587 4287 ε)
604 4235 754 4279 fundamento
766 4240 810 4281 01.

64 4369 170 4512 321.
191 4369 351 4454 relictmcf.
373 4385 399 4419 a.
418 4368 498 4420 1193.
580 4367 608 4434 2)
629 4386 654 4422 a.
677 4369 756 4432 1192,
776 4368 857 4422 Mart.
934 4366 963 4433 3)
982 4365 1121 4418 Balatuino
1147 4363 1178 4416 V.

1 4455 3 4468 ³
135 4460 229 4496 cocart.
