2942 4998
253 395 288 444 20
520 390 708 443 ennomus
727 388 840 440 naula
860 385 1107 440 COLONIENSIS.

326 568 358 617 A.
379 567 415 618 D.
434 565 497 617 866.
526 565 604 616 Missi
630 571 692 616 sunt
714 564 831 628 Hagono
861 568 887 612 et
914 558 1070 612 liodoaldus
1100 587 1134 597 -
1162 585 1194 597 -
1222 561 1378 610 exercuisse

254 641 373 692 decreta.
411 638 564 705 Nyclrolaus
584 644 672 689 antam
691 653 771 703 papa,
797 639 964 702 congregata
988 633 1091 693 sinodo,
1118 650 1208 684 eorum
1232 633 1379 698 synodalia

197 745 200 748 -
253 720 333 780 gesta
352 728 442 764 coram
461 712 585 764 omnibus
597 712 705 762 recitari
719 711 848 776 precepit.
883 709 941 771 Que
961 723 1022 758 mox
1042 707 1076 757 ab
1091 708 1214 758 omnibns
1229 707 1379 773 dampnata

254 793 282 839 et
299 787 525 838 anathematizata
543 790 613 846 sunt,
633 790 660 835 et
678 785 730 850 ipsi
748 809 785 822 ·-
808 811 836 820 -
865 782 1051 833 commuuione
1077 778 1169 831 laicali
1193 781 1247 831 sibi
1271 786 1377 832 tantum

254 876 393 912 concessa.
431 858 456 909 R
489 896 496 911 .

326 934 359 984 A.
378 934 413 984 D.
434 876 496 982 egl.
526 931 653 983 Arsenins
673 930 815 995 episcopus
841 955 872 964 -
903 955 934 965 -
960 926 1074 978 reddere
1099 927 1216 978 studeat.
1254 929 1377 995 Legatns

253 1009 345 1074 itaquo
364 1005 513 1074 apostolice
532 1005 605 1055 sodis
624 1029 660 1040 —
681 1030 714 1040 -
735 1004 792 1052 eius
811 1002 923 1052 tuicioni
942 1015 971 1051 se
991 1002 1134 1052 commisit.
1171 998 1237 1052 ibid.

326 1080 359 1130 A.
378 1081 413 1130 D.
433 1078 496 1129 867.
516 1076 631 1128 Kerolus
656 1075 771 1127 audiens
793 1075 966 1141 Herispotum
992 1090 1084 1140 regem
1103 1075 1252 1126 Brittonum
1279 1092 1296 1126 a
1321 1076 1377 1126 anis
1463 1061 1464 1108 3

253 1153 431 1213 interfectum,
447 1153 531 1203 tercio
545 1166 625 1216 super
637 1151 771 1200 Brittones
786 1175 819 1185 -
836 1174 867 1186 -
883 1162 961 1215 quam
975 1146 1075 1198 bellum
1089 1148 1198 1200 inferre.
1231 1146 1297 1200 ibid.
1312 1148 1376 1200 866.

325 1225 358 1275 A.
378 1226 414 1276 D.
434 1225 497 1275 868.
527 1224 599 1274 Gens
625 1224 831 1274 sarracenorum
857 1222 885 1271 iu
904 1223 1060 1272 Benevento
1087 1236 1120 1272 ex
1138 1221 1239 1271 Affrica
1262 1224 1376 1273 veniens

256 1325 288 1335 -
309 1326 346 1335 -
365 1300 425 1349 Deo
444 1314 522 1364 opem
542 1298 654 1348 ferente.
691 1294 756 1346 ibid.
776 1294 839 1347 867.

327 1372 360 1422 Α.
381 1372 416 1423 D.
436 1370 498 1422 869.
518 1370 672 1435 Nycholaus
691 1385 762 1436 papa
781 1369 859 1432 obiit;
881 1369 925 1419 cui
938 1366 1073 1418 Adrianus
1089 1368 1150 1419 106.
1167 1369 1299 1420 succedit.
1325 1370 1375 1420 His
1463 1429 1464 1436 ἵ

253 1445 418 1569 ἑῖἒροέἒὶέιιε
437 1460 504 1510 gens
517 1442 664 1510 Vulgarum
686 1469 715 1480 -
737 1467 773 1479 -
792 1441 924 1508 reliquum
943 1442 1074 1507 presentis
1087 1442 1159 1492 vitae
1172 1447 1277 1508 tempus
1291 1443 1377 1495 duxit.

327 1592 360 1642 A.
374 1591 409 1640 D.
423 1589 485 1641 870.
505 1588 648 1641 Lotharius
666 1589 778 1639 Romam
797 1587 933 1653 profectus
952 1592 1002 1638 est.
1018 1613 1050 1623 —-
1067 1586 1213 1637 -deinde
1232 1588 1377 1640 Colonien—
1463 1577 1464 1640 }

254 1664 328 1716 sibus
342 1663 499 1714 Hilduinum
513 1663 638 1713 abbatem
656 1677 804 1728 preponere
818 1662 968 1727 temptavit.
997 1661 1076 1723 Quod
1089 1660 1201 1712 audiens
1214 1662 1377 1714 Ludewicus

254 1739 406 1804 imperator,
424 1737 507 1788 frater
523 1737 588 1795 eius,
606 1736 689 1785 iratus
708 1736 780 1785 misit
792 1734 959 1786 Liutbcrtum
979 1734 1123 1800 Mogoncie
1143 1735 1379 1802 archiepiscopum

256 1811 395 1863 Coloniam
416 1817 443 1861 et
463 1809 641 1860 Willibertum
664 1807 845 1858 venerabilem
871 1809 956 1858 virum
981 1808 1029 1859 eis
1054 1807 1218 1874 prefecit,
1245 1810 1378 1861 mandans

253 1885 338 1946 fratri,
357 1890 387 1937 ut
404 1899 485 1936 unum
505 1899 520 1933 a
541 1882 644 1934 duobus
665 1881 792 1946 eligeret:
812 1885 859 1931 aut
878 1881 931 1931 cito
950 1895 1070 1947 arogno
1090 1881 1239 1942 recederet,
1259 1888 1307 1933 aut
1324 1883 1379 1934 sibi

254 1956 427 2025 pugnandum
449 1973 508 2008 cum
526 1957 607 2007 fratre
627 1955 703 2005 loret.
739 1951 806 2004 ibid.
826 1953 889 2003 868.

326 2030 360 2083 A.
371 2032 407 2081 D.
418 2030 481 2081 871.
500 2029 660 2080 Ludawicus
671 2032 699 2078 et
708 2027 823 2077 Karolus
835 2053 869 2062 -
881 2053 913 2064 -
924 2027 1044 2092 partibus
1058 2026 1214 2078 diviserunt.
1243 2028 1296 2078 Por
1304 2029 1378 2079 idem

255 2109 359 2170 tempus
378 2103 495 2153 Karolus
509 2128 544 2140 --
559 2128 591 2140 --
607 2117 640 2150 err
658 2106 786 2167 precepto
805 2102 889 2166 patris
909 2102 934 2150 ei
953 2100 1024 2150 oculi
1044 2107 1170 2151 eruuntur
1177 2107 1200 2151 ὅ.
1231 2099 1298 2152 ibid.
1311 2097 1379 2153 870.

327 2177 361 2227 A.
374 2178 410 2227 D.
424 2175 486 2225 878.
505 2175 638 2225 Adrianus
651 2189 721 2240 papa
735 2175 852 2234 moritur,
867 2179 894 2224 et
906 2173 1040 2223 Iohannes
1053 2175 1113 2224 107.
1127 2174 1227 2226 ordinis
1241 2176 1379 2240 succedit;
1463 2185 1464 2192 ’

255 2255 316 2316 post
335 2264 414 2314 quern
427 2249 558 2298 Martinus
579 2246 644 2310 1083
663 2253 723 2313 post
743 2263 822 2312 quem
835 2247 970 2297 Adrianus
992 2247 1059 2309 109;
1078 2253 1139 2313 post
1152 2264 1230 2313 quern
1244 2249 1379 2314 Agapitus

257 2322 324 2386 1103
344 2325 404 2386 post
425 2337 502 2387 quem
523 2319 640 2371 Basilius
662 2321 728 2384 111;
749 2326 908 2385 postquem
929 2319 1080 2386 Stephanus
1103 2321 1164 2371 112.
1201 2321 1302 2372 uitet.

329 2396 380 2446 His
399 2394 494 2446 diebus
513 2393 667 2459 Adalgysus
686 2421 720 2431 -
742 2421 776 2430 -
797 2409 813 2444 a
832 2394 987 2444 Benevento
1007 2393 1099 2445 exivit.
1138 2394 1204 2460 Req.
1223 2393 1285 2445 871.

328 2469 361 2518 A.
382 2468 417 2518 D.
437 2467 501 2518 878.
519 2467 680 2519 Ludewicus
697 2467 842 2535 imperator
860 2468 972 2518 Romam
993 2494 1027 2504 -
1046 2494 1082 2504 -
1101 2468 1193 2534 ibique
1216 2467 1251 2517 ad
1270 2475 1377 2532 tempus

256 2541 371 2593 delituit.
409 2538 475 2593 ibid.
495 2541 557 2592 878.

328 2616 360 2666 Α.
379 2615 416 2666 D.
435 2613 496 2665 876.
516 2613 631 2664 Karolus
650 2629 697 2663 rer
715 2610 938 2678 Andegavensem
949 2620 1210 2680 --peregeruut
1236 2613 1301 2665 ibici.
1313 2613 1378 2666 873.

329 2689 362 2738 A.
382 2688 417 2738 D.
438 2687 500 2738 876.
520 2688 681 2738 Ludewicus
700 2687 845 2751 imperator
864 2686 939 2736 obiit.
977 2686 1076 2739 Eitea.

328 2760 362 2810 A.
383 2758 410 2810 d.
430 2760 448 2810 i.
467 2759 530 2822 877,
550 2760 584 2810 ab
603 2759 637 2811 U.
656 2775 721 2810 vero
742 2774 765 2808 c.
787 2757 866 2808 1628.
892 2759 1006 2810 Karolus
1025 2761 1122 2821 iunior,
1146 2759 1216 2812 filius
1235 2761 1378 2812 Ludewici

258 2861 291 2872 —-
315 2861 343 2870 -
365 2832 500 2885 Arnoldus
519 2833 689 2900 postmodum
708 2832 794 2884 tenuit
813 2833 1003 2883 monarchiam.
1042 2832 1108 2884 ibid.

261 2943 461 2953 ———

651 2994 813 3048 Recensr'o
833 2996 900 3047 cod.
922 2985 981 3048 01.

235 3129 243 3146 ,
330 3086 362 3138 A.
378 3081 441 3138 787
461 3086 594 3138 Adrianus
613 3103 684 3154 papa
697 3090 821 3151 moritur3
842 3090 885 3139 cui
903 3090 1036 3141 successit
1047 3087 1190 3140 Iohannes.
1223 3088 1377 3154 Clidbkek.

329 3160 392 3210 Hiis
417 3159 511 3212 diebus
529 3159 675 3226 Adalgisus
694 3161 901 3213 Beneventanus
924 3161 978 3212 dux
997 3189 1031 3199 —-
1054 3187 1084 3198 -
1105 3164 1248 3229 statimque
1268 3170 1377 3229 postera

257 3234 300 3285 die
320 3249 338 3284 a
356 3234 511 3286 Benevento
532 3235 622 3286 exivit.
660 3232 724 3302 Beq.
744 3235 807 3285 871.

329 3308 363 3359 Δ.
383 3307 426 3358 78.
445 3306 606 3359 Ludewicus
627 3310 772 3375 imperator
789 3309 903 3360 Romam
928 3310 1002 3359 venit
1023 3335 1054 3344 -
1075 3308 1223 3374 -ibique
1248 3309 1284 3359 ad
1308 3315 1377 3361 tem-

257 3397 306 3448 pus
326 3380 440 3432 delituit.
479 3379 543 3432 ibid.
562 3381 625 3432 878.

330 3454 364 3505 A.
390 3454 432 3505 75.
462 3453 576 3505 Karolus
605 3454 733 3505 Calvus
761 3470 819 3505 rex
846 3455 1073 3518 Francorum,
1105 3457 1163 3522 qui
1197 3459 1230 3505 st
1259 3457 1377 3506 senior

258 3526 459 3591 dicebatur,
488 3526 711 3593 Andagavenssm
740 3527 884 3579 obsidebat
909 3529 1046 3579 civitatem
1077 3556 1107 3566 -
1141 3555 1177 3566 -
1206 3529 1255 3579 sed
1282 3529 1379 3596 peiora

162 3671 166 3682 Ι
255 3600 358 3651 ibidem
377 3605 547 3665 peregerunt.
583 3599 647 3650 ibid.
668 3600 730 3650 878.

330 3673 363 3723 A.
385 3671 428 3725 76.
448 3672 602 3724 Ludovicus
621 3673 764 3738 imperator
783 3675 901 3724 moritur.
939 3672 1039 3724 Eklceb.

330 3744 529 3795 DoKarolo
550 3744 656 3796 Calvo
677 3745 718 3794 76.
747 3746 781 3796 A.
795 3745 829 3794 D.
845 3746 907 3797 877.
938 3747 1053 3798 Karolus
1073 3747 1202 3798 Calvus
1221 3749 1311 3798 senior
1330 3763 1378 3798 rex
1461 3777 1462 3808 ι

257 3819 420 3869 Francorum
433 3818 546 3868 Romam
560 3819 683 3883 perrexit,
699 3823 726 3868 et
745 3817 815 3870 datis
828 3819 976 3886 apostolico
989 3822 1094 3885 magnis
1109 3820 1272 3879 muneribus,
1290 3822 1377 3887 impe·

258 3896 331 3942 rator
351 3896 464 3941 creatur.
503 3886 543 3955 δῖ.
563 3889 628 3956 Ray.

331 3962 530 4014 Ludovicus
545 3962 873 4028 rexGermanorum,
889 3964 1377 4030 fraterKaroliCalvi,mori-

258 4044 326 4099 tur,
346 4035 551 4103 relinquens
565 4035 794 4089 tresheredes
808 4038 908 4089 filios
923 4055 1020 4103 suos,
1034 4038 1252 4090 Ludovicum
1267 4042 1378 4092 iunio·

258 4125 327 4161 rom
346 4108 568 4171 etKarolum,
589 4111 645 4176 qui
663 4111 780 4162 innior
799 4111 913 4163 dictus
934 4118 1000 4176 est,
1018 4113 1075 4178 qui
1094 4128 1160 4163 non
1179 4110 1284 4163 multo
1298 4120 1379 4179 post

258 4183 457 4250 imperavit,
477 4188 511 4233 et
528 4184 812 4248 Karlomannum,
831 4190 962 4252 patrem
980 4185 1117 4237 Arnulfi
1135 4188 1378 4252 imperatoris.

258 4327 404 4428 muniar
415 4332 467 4379 poet
481 4339 539 4371 corr.
557 4333 667 4370 eruuntur
681 4331 701 4369 B
711 4332 730 4373 1.
747 4347 776 4367 =
791 4328 815 4382 b)
836 4332 868 4371 ita
884 4331 927 4380 01,
942 4331 1005 4372 cuias
1019 4333 1163 4373 sumnonem
1178 4333 1275 4381 deinceps
1287 4333 1379 4381 plenius

297 4399 305 4426 ι
318 4398 383 4428 emus.
