2944 5002
297 389 349 438 352
468 386 617 438 GOSVINI
637 386 686 436 DE
707 385 863 436 EXPUGN.
885 384 1066 438 ssntfflsn
1087 383 1245 435 CARMEN.

381 555 490 620 Turba
511 554 633 636 favent,
667 552 810 619 homines
839 553 961 618 salvare
983 551 1093 618 volens
1115 552 1205 617 Deus
1229 572 1354 632 omnes,

444 639 579 704 innovat
601 639 732 723 antiqua
754 639 846 722 signa
868 658 1006 723 suosque
1028 639 1128 701 iuvat.

383 722 532 789 Crastina
553 744 627 786 cum
649 723 757 786 visura
779 723 848 788 dies
870 744 1013 809 pugnam
1034 723 1124 802 foret,
1149 743 1259 785 omnes

300 824 352 873 130
444 806 668 892 Conspicimus
690 810 794 872 socios
817 818 848 872 et
868 828 1075 870 numeramus
1098 826 1208 891 equos.

381 892 546 956 Innumeri
569 891 700 976 pedites,
724 892 838 957 muniti
859 890 993 971 viribus,
1016 890 1113 954 armis

446 975 588 1057 Adsunt3
611 975 667 1040 sed
691 984 817 1040 centum
840 977 897 1039 vix
919 985 967 1040 ter
990 975 1143 1039 habemus
1165 995 1276 1059 equos.

382 1061 435 1125 Ex
457 1060 622 1145 inproviso
646 1060 811 1146 quingenti
831 1074 925 1124 nocte
948 1059 1008 1123 sub
1030 1061 1102 1144 ipsa

445 1144 553 1209 Dante
575 1144 647 1208 Deo
668 1154 817 1230 repetunt
838 1167 897 1209 nos
919 1145 1042 1230 equites
1065 1153 1097 1208 et
1118 1143 1203 1229 equi.

302 1244 353 1294 135
381 1230 508 1293 Aurora
530 1239 591 1312 est,
615 1230 748 1315 equites,
770 1231 874 1295 tenuit
896 1251 976 1315 quos
999 1228 1122 1313 spicula
1142 1237 1262 1308 nostra,

446 1311 581 1378 Paulum
603 1312 798 1399 procedunt;
819 1313 944 1379 hostica
966 1322 1070 1376 castra
1090 1320 1212 1377 notant.

384 1397 484 1462 Tecta
506 1397 564 1462 sub
587 1397 677 1461 hoste
698 1397 776 1462 latet
795 1397 904 1480 tellus3
927 1399 969 1463 ad
991 1397 1096 1462 sidere
1118 1395 1238 1460 clamor

449 1480 593 1564 Tollitur,
616 1492 647 1546 et
669 1481 800 1568 clangor
821 1483 963 1569 undique
986 1481 1084 1544 corde
1105 1492 1221 1545 movet.

386 1567 585 1650 Congressus
607 1566 657 1645 fit;
680 1568 829 1654 utrinque
852 1590 946 1631 cruor
963 1566 1047 1648 fluit,
1071 1588 1111 1631 en
1134 1564 1215 1630 male
1237 1567 1359 1630 nostris

303 1666 355 1715 140
448 1651 616 1732 Succedit,
639 1651 784 1735 fugiuut3
806 1653 925 1738 impius
947 1651 1046 1715 hostis
1068 1650 1167 1715 adest.

385 1735 502 1801 Noster
524 1756 621 1820 eques
643 1735 735 1818 cedit,
758 1757 815 1798 sua
836 1736 936 1801 nudat
958 1744 1097 1821 pectore,
1120 1735 1225 1798 munit

447 1819 600 1900 Dorsum,
622 1830 727 1884 castra
749 1821 843 1902 subit,
867 1830 899 1885 et
919 1820 1008 1886 venit
1028 1817 1129 1884 hostis
1151 1839 1199 1884 eo.

385 1939 528 2013 §caudit
550 1961 649 2026 equos
672 1949 764 2005 nocte
781 1941 835 2028 qui
849 1950 981 2005 venerat
994 1941 1121 2026 hospes,
1143 1938 1185 2010 ad
1207 1950 1294 2005 astra

447 2025 512 2088 Res
536 2025 601 2105 icit,
625 2023 785 2109 inplorant
808 2024 1046 2110 Omnipotentis
1070 2045 1172 2109 opem.

304 2125 355 2174 145
383 2109 487 2174 Astris
509 2045 646 2172 idcidius
670 2108 756 2194 quod
778 2107 924 2196 splendet
944 2110 978 2172 in
999 2132 1072 2174 aere
1095 2109 1223 2193 signum

449 2193 510 2258 Est
532 2194 650 2275 crucis,
672 2192 706 2256 id
728 2202 872 2257 nostrum
894 2193 1034 2279 plurime
1055 2192 1150 2257 turba
1171 2191 1292 2260 vident.

385 2279 477 2342 Mens
498 2275 582 2341 redit
602 2277 663 2341 hoc
685 2278 754 2341 viso
775 2279 906 2361 nostris3
929 2301 970 2342 en
990 2287 1099 2342 noster
1120 2278 1153 2340 in
1175 2276 1282 2340 hostes

450 2361 540 2427 Sevit
561 2383 668 2447 equeS,
690 2364 809 2444 sternit,
833 2362 961 2448 effugat,
983 2363 1081 2427 immo
1103 2369 1207 2425 necat.

385 2446 513 2532 Agmen
534 2445 567 2508 in
588 2444 745 2509 auxilium
767 2447 884 2510 nostris
907 2447 995 2511 venit
1017 2468 1091 2512 ecce
1113 2467 1299 2532 supernum,

306 2546 358 2594 150
450 2530 557 2594 Dante
578 2529 660 2610 Deo,
684 2531 810 2615 signum
834 2532 890 2617 qui
912 2530 1000 2596 dedit
1021 2541 1095 2595 ante
1118 2531 1232 2594 crucis.

385 2614 493 2678 Vestis
517 2615 546 2677 ei
568 2612 739 2699 splendens
762 2626 798 2679 ut
819 2613 875 2697 sol,
900 2623 934 2678 ut
955 2616 1009 2679 nix
1030 2637 1114 2680 nova
1136 2613 1287 2696 candens,

450 2696 595 2784 Suntque
616 2720 674 2762 suo
695 2720 788 2764 rosea
810 2709 939 2786 pectore
961 2701 1053 2783 signa
1075 2701 1187 2763 crucis.

386 2781 497 2847 Hostis
519 2794 556 2846 ut
576 2780 633 2846 has
655 2783 739 2848 acies
760 2785 851 2848 novit
872 2805 930 2848 sua
951 2795 1043 2869 terga
1065 2793 1254 2870 prementes,

448 2865 586 2929 Lumina
607 2865 752 2954 caligant,
775 2877 807 2933 et
828 2891 886 2932 sua
908 2868 1006 2932 corda
1027 2878 1156 2954 pavent.

305 2964 356 3014 155
384 2951 470 3014 Hinc
493 2952 537 3032 lit,
560 2950 645 3037 quod
667 2953 775 3016 socius
797 2953 917 3017 socium
941 2952 1028 3036 ledit,
1050 2951 1133 3017 latus
1155 2951 1246 3016 hasta

447 3035 593 3100 Perforat
615 3035 699 3118 huic,
722 3035 767 3100 illi
789 3036 922 3101 demetit
943 3059 1018 3102 ense
1042 3047 1152 3123 caput3
1274 3103 1277 3108 .

385 3118 544 3184 Sternitur
564 3120 626 3199 hic,
648 3118 700 3186 ille
722 3120 858 3206 pedibus
880 3120 1022 3186 calcatur
1043 3142 1206 3207 equorum,

448 3202 512 3267 Hic
535 3205 700 3268 hominum
743 3204 853 3270 uidam
875 3207 1107 3292 precipitantur
1129 3208 1231 3291 equis.

386 3286 473 3369 Quid
496 3287 622 3373 magis?
644 3227 769 3353 exiliis
792 3298 839 3354 ter
860 3289 949 3354 milia
970 3291 1053 3354 dena
1074 3291 1197 3375 perisse

305 3385 358 3434 160
451 3370 620 3446 Credimus
642 3382 673 3437 et
694 3395 786 3460 reges
808 3384 885 3438 tunc
906 3374 1059 3440 cecidisse
1081 3374 1172 3439 duos.

387 3456 482 3536 Quod
503 3455 574 3520 telis
597 3458 748 3522 comitum
771 3457 917 3523 cecidere
939 3459 1069 3524 chorive
1091 3459 1232 3545 superni,

448 3540 596 3626 Ipsorum
618 3542 707 3606 cedis
727 3565 787 3629 per
807 3541 878 3607 loca
899 3565 993 3609 nosse
1016 3543 1119 3608 datur.

386 3621 516 3689 Illorum
540 3638 688 3710 stragem,
711 3627 787 3713 quia
808 3637 898 3691 terna
920 3627 1005 3692 dieta
1024 3628 1166 3693 furentes

448 3707 581 3774 Nostros
602 3711 722 3774 vidisse
731 3721 754 3794 ⁸,
777 3722 872 3775 curnll
893 3713 956 3776 nisi
977 3712 1081 3797 prima
1102 3711 1206 3776 datur.

189 3815 291 3865 sepau
305 3806 355 3856 165
388 3791 530 3857 Contulit
551 3795 612 3859 ista
632 3794 723 3858 Deus
745 3795 849 3879 nobis,
870 3797 903 3859 in
926 3795 998 3861 luce
1020 3797 1153 3876 Iscincti

450 3877 494 3941 Et
514 3878 603 3943 Proti
624 3879 731 3964 palma
754 3902 817 3966 qua
840 3879 1000 3946 celebrata
1020 3882 1089 3947 fuit.

389 3999 594 4079 (fraudemus,
617 4001 758 4064 Domino
781 4002 933 4083 canimus,
957 4000 1044 4086 quod
1065 3999 1142 4066 talia
1163 3999 1255 4065 nobis

451 4083 558 4148 Fecit:
579 4084 665 4147 ferna
685 4106 788 4148 novos
810 4086 926 4150 incutit
947 4106 1022 4150 ecce
1044 4097 1165 4167 metus,

387 4166 433 4232 Ut
454 4189 512 4232 nos
534 4167 739 4242 confundant,
761 4169 929 4234 confirmat
949 4169 1061 4234 edesse
1083 4167 1194 4255 golyas

307 4263 359 4311 170
451 4251 514 4318 Ter
536 4253 650 4334 denas3
673 4254 820 4338 petimus,
843 4276 902 4318 nec
924 4255 1101 4339 reperimus
1124 4276 1187 4318 sas

306 4409 329 4462 s)
345 4413 405 4452 locus
421 4420 537 4465 corruptus
551 4416 642 4457 videtur.
