2924 5006
126 413 314 468 CHRONICA
332 415 446 468 ntum
466 413 714 466 COLONIENSIS.
736 414 839 468 com.
859 413 912 466 ΙΙΙ,
931 412 963 466 Α.
976 413 1054 465 1203.
1100 413 1153 463 20⁷

438 585 601 640 Recensio
621 587 646 638 1.
667 595 691 640 et
710 586 751 640 ΙΙ.

42 675 170 756 nostris,
215 676 253 738 ui
273 675 407 762 naviqio
424 683 573 759 potenter
593 673 772 754 instabant,
789 695 896 758 prope
921 694 1032 737 muros
1057 675 1152 738 navi-

43 759 96 822 bus
117 699 308 844 applicatis,
342 757 450 823 scalas
476 759 581 822 muris
607 757 816 838 acclinantes,
844 759 1053 821 intraverunt
1081 781 1153 820 cum

44 845 183 908 virtuoso
217 845 338 927 impetu
364 844 535 925 civitatem,
563 841 605 906 30
632 842 779 905 turribus
802 841 889 905 lucri
907 841 1035 923 factis⁸
1056 842 1153 906 iu-uta

44 928 253 1012 quantitatem
275 927 464 1008 atturbatib,
487 926 576 990 etde
598 928 728 991 civitate
750 948 816 990 ποπ
835 926 996 991 modicam
1011 925 1152 989 combus-

45 1020 160 1075 serunt.
203 1012 318 1076 Nostri
340 1034 463 1097 quoquc
485 1033 560 1075 suos
576 1033 641 1094 per
672 1018 793 1074 terram
815 1009 981 1091 facientes
1001 1009 1152 1091 insultus,

46 1095 136 1159 scalis
159 1096 310 1160 similiter
331 1118 424 1159 muro
447 1095 620 1180 appositis,
642 1116 721 1159 suas
737 1115 837 1179 super
850 1117 961 1158 muros
972 1102 1154 1178 posuerunt

46 1179 193 1244 banerias
223 1190 252 1242 et
279 1179 411 1248 venilla.
461 1180 635 1243 Minitores
663 1201 737 1243 vcro
766 1200 876 1242 muros
903 1179 1045 1263 inferius
1078 1178 1152 1241 sub-

46 1272 202 1344 cavantes,
224 1287 327 1329 unam
341 1265 459 1328 turrim
473 1272 667 1328 straverunt.
702 1265 793 1328 Tunc
807 1264 995 1349 imperator,
1012 1263 1154 1327 civitatis

45 1348 189 1413 incendio
223 1358 253 1413 et
283 1350 403 1413 nostris
429 1348 565 1413 insidiis
594 1348 740 1433 undique
769 1355 951 1429 coartatus,
987 1347 1153 1411 constitnit

47 1431 220 1518 adportas
242 1431 402 1519 sinqulas,
425 1456 508 1518 quae
531 1432 576 1496 ad
597 1454 728 1516 campos
749 1433 870 1496 cocitum
883 1431 1068 1516 faciebant,
1083 1439 1151 1493 tur-

45 1538 108 1579 mas
128 1516 270 1581 militum
292 1540 357 1582 non
374 1540 572 1601 pancorum,
588 1525 623 1580 ut
639 1539 698 1580 ποθ
713 1518 964 1602 circumquaque
987 1515 1153 1580 assilirent
1185 1581 1188 1590 λ

47 1609 70 1662 et
88 1602 221 1665 invasos
243 1602 440 1665 involverent
461 1611 490 1664 et
510 1609 713 1665 truncarent.
755 1601 902 1664 Ecantra
923 1623 985 1665 ποθ
1003 1596 1153 1665 similiter

47 1693 167 1749 nostras
191 1687 420 1751 ordinavimus
436 1707 584 1771 puqnas,
606 1682 957 1750 comesblandrensis*
979 1707 1050 1749 cum
1072 1686 1151 1759 suis,

48 1790 96 1832 co
127 1791 253 1854 quoque
285 1793 357 1835 cum
387 1773 477 1850 meis,
508 1779 640 1855 uterque
671 1771 709 1832 in
741 1791 800 1833 suo
833 1791 934 1833 cuneo
967 1768 1151 1833 consistens.

71 1854 184 1917 ecimus
207 1863 315 1918 autem
337 1854 527 1935 custodiam,
549 1853 814 1939 acquitavimus
847 1853 998 1917 ordinate
1026 1860 1055 1915 et
1075 1874 1150 1917 con-

47 1937 141 2002 iuncti
169 1946 287 2002 contra
309 1937 456 2023 prelium
484 1938 576 2002 nobis
606 1939 819 2018 contrarium,
850 1958 901 2001 eos
925 1938 1004 2002 adeo
1028 1959 1072 2020 up
1099 1958 1150 2000 ro·

45 2022 247 2107 pinquantes,
280 2023 366 2109 quod
394 2045 504 2087 eorum
532 2024 704 2107 saqittarii
736 2030 765 2084 et
787 2019 952 2085 balistarii
980 1957 1152 2084 trabebant

48 2105 79 2168 in
105 2128 172 2188 nos,
201 2108 309 2171 nostri
341 2129 465 2193 quoque
496 2109 534 2170 in
564 2109 663 2192 ipsos.
717 2104 795 2170 Cum
823 2107 893 2191 ipsi
919 2105 1065 2169 viderent
1091 2126 1151 2168 noe

49 2192 269 2275 muqnanimos
284 2214 351 2255 esse
366 2199 395 2253 et
405 2199 596 2273 constantes,
608 2192 758 2256 ordinate
770 2188 944 2275 procedere
956 2189 985 2252 iet
994 2190 1151 2270 seriatim,

50 2280 73 2334 et
84 2296 138 2338 ποθ
153 2298 221 2339 ποπ
237 2297 337 2360 posse
376 2275 503 2339 aciliter
516 2276 708 2360 cnpnqnari
721 2273 769 2337 vel
784 2275 959 2358 corrumpi,
974 2274 1042 2358 ipsi
1056 2272 1152 2337 valde

47 2360 203 2440 perterriti
224 2369 253 2422 et
275 2382 334 2424 con
353 2361 406 2424 usi
427 2360 570 2424 cedentes
599 2359 702 2440 nobis,
729 2381 797 2422 non
827 2359 904 2422 ausi
919 2358 1066 2443 fuerunt
1087 2357 1152 2422 Dei

16 2491 17 2516 ,
51 2443 151 2524 qratia
172 2443 332 2508 dimicare
353 2444 529 2508 nobiscum.
571 2444 614 2507 Et
635 2445 759 2526 sciatis,
782 2443 869 2528 quod
888 2465 954 2506 ποπ
966 2441 1099 2525 fuimus
1113 2443 1150 2506 in

51 2531 103 2588 toto
123 2529 266 2592 evercitu
287 2537 397 2593 nostro
414 2528 531 2614 plures
550 2551 651 2654 quam
681 2528 872 2613 quinqentic
891 2526 1007 2591 milites
1029 2535 1058 2588 et
1080 2528 1150 2592 toti·

53 2606 111 2672 dem
130 2613 261 2695 equites,
282 2614 446 2678 sariuntes
473 2634 539 2676 non
594 2611 767 2675 babuimus
793 2610 908 2695 plures
937 2633 1035 2696 quam
1064 2611 1150 2674 duc⁰

52 2692 132 2758 mdia
155 2697 324 2780 peditum;
352 2696 460 2760 maior
487 2697 573 2760 enim
598 2719 686 2782 pars
715 2695 918 2759 statuebatur
947 2695 991 2758 ad
1012 2697 1151 2781 inqenia

54 2786 153 2842 nostra
174 2781 411 2845 conservanda.
467 2778 628 2846 Videntesr
657 2789 764 2844 autem
789 2801 842 2843 eos
854 2778 978 2866 fuqere
1000 2788 1029 2843 ct
1049 2779 1150 2860 abire,

53 2860 199 2928 noluimus
220 2867 362 2949 insequi,
383 2887 423 2929 nc
434 2864 527 2948 forte
543 2886 607 2949 per
628 2887 738 2928 eorum
766 2863 856 2928 dolos
877 2873 906 2928 et
926 2864 1072 2928 insidias
1099 2885 1152 2926 en-

54 2947 154 3011 ercitui
174 2959 283 3013 nostro
305 2958 334 3014 et
354 2947 475 3013 bellicis
495 2950 658 3013 macbinis
679 2949 799 3012 nostris
820 2947 868 3012 vel
888 2947 1045 3028 turribus,
1089 2970 1152 3011 uas

60 3025 152 3095 Veneti
164 3042 327 3118 ceperant,
341 3034 522 3118 dampnum
536 3032 706 3118 inferrent.
739 3033 919 3116 Imperator
933 3053 1007 3096 vero
1021 2971 1152 3096 rediens

55 3123 131 3178 nocte
145 3117 189 3180 ad
198 3117 372 3203 palacium
389 3141 493 3199 suum,
509 3118 649 3199 asseruit
663 3139 696 3181 se
710 3119 747 3180 in
763 3117 906 3180 crastino
915 3123 1151 3200 puqnaturum

55 3197 211 3270 nobiscum.
259 3202 384 3266 Eadem
416 3211 522 3266 autem
553 3210 643 3266 nocte
669 3203 778 3266 media
805 3201 983 3286 imperator
1014 3196 1151 3263 latenter

18 3345 19 3348 ,
57 3280 181 3369 aufuqa.
209 3285 300 3350 ,Du
321 3309 395 3351 vero
422 3286 539 3368 Ioues,
568 3288 652 3351 sicud
672 3289 851 3371 imperator
867 3285 1077 3369 promiserat,
1099 3282 1246 3347 dedam.

18 3431 19 3446 .
56 3360 168 3431 buimns
183 3373 314 3454 pariter
335 3372 503 3435 dimicare.
546 3371 587 3434 In
609 3372 753 3434 crastino
778 3368 845 3433 Deo
867 3376 1057 3452 cooperante
1075 3365 1151 3451 fuit

57 3446 156 3545 civitas
185 3455 317 3518 reddita
344 3455 447 3536 nobis,
481 3463 510 3518 et
538 3464 614 3518 tunc
630 3454 777 3539 fuerunt
805 3452 824 3516 8
853 3453 922 3517 dies
955 3450 1102 3536 completi
1129 3475 1151 3514 a

59 3534 182 3600 nvitatis
210 3538 387 3603 obsidione.
442 3540 532 3603 Tunc
560 3561 634 3604 vero
663 3539 815 3602 lirsacus
836 3538 1013 3622 imperator
1033 3544 1062 3600 et
1090 3537 1150 3599 im·

55 3622 198 3710 qeratrin,
221 3645 307 3687 naor
328 3626 409 3703 eius,
430 3623 575 3687 videlicet
596 3645 691 3687 soror
711 3625 800 3722 reqis
821 3621 999 3707 Unqam‘ae,
1018 3622 1076 3707 qui
1090 3620 1150 3684 diu

59 3718 88 3759 ln
106 3701 231 3770 bomore
262 3709 405 3772 carceris
433 3709 513 3771 tenti
533 3706 676 3792 fuerant
697 3715 726 3771 et
746 3706 878 3786 inclusi,
900 3705 992 3770 nobis
1020 3705 1150 3791 qratias

59 3784 244 3854 multimodas
266 3791 447 3876 referentes,
469 3791 720 3872 mandaverunt,
743 3791 830 3875 quod
874 3812 909 3853 er
920 3790 985 3853 Dei
1005 3789 1151 3874 qratiam

19 3911 20 3916 κ
60 3874 242 3938 vnosuun
275 3875 437 3940 ancilium
459 3875 603 3959 fucrant
633 3899 654 3939 a
683 3896 811 3940 carcere
851 3875 978 3954 iberati,
1008 3881 1037 3936 et
1063 3872 1151 3958 quod

61 3946 140 4016 decus
159 3958 289 4043 imperii
308 3959 514 4041 rebabebant,
536 3969 565 4023 et
586 3982 645 4024 nos
673 3962 707 4024 in
737 3961 881 4026 crastino
903 3959 1084 4021 veniremus
1112 3958 1149 4020 in

57 4032 204 4112 palacium
226 4053 391 4130 tamquam
412 4046 448 4108 in
464 4052 610 4109 nostrum
631 4042 785 4126 cumfilio
800 4066 859 4108 suo
874 4044 934 4108 diu
949 4041 1148 4122 desiderato,·

120 4160 146 4229 *)
163 4166 329 4236 B[ulduinusl
346 4171 410 4223 add.
432 4169 483 4222 02.

20 4287 21 4290 ,
62 4297 81 4350 ⁸)
93 4302 160 4351 mm!
178 4314 197 4354 B
205 4318 226 4358 1·
240 4318 283 4358 01·
299 4318 320 4359 ,Ι
395 4316 533 4371 bqatrebstt
554 4318 597 4369 Μ·;
617 4315 887 4366 autumnitanorum.
971 4313 992 4367 c)
1006 4315 1099 4356 ducena
1120 4313 1149 4354 M.

65 4357 139 4409 unm
153 4372 192 4415 os,
250 4375 272 4429 ο)
287 4376 394 4417 undecim
411 4379 454 4421 02.
515 4376 598 4430 oflsc
613 4377 717 4417 videntes
734 4377 779 4425 013
795 4376 842 4417 Noe
856 4383 911 4415 vero
927 4373 974 4415 vid·
990 4373 1018 4413 Π·
1079 4371 1149 4425 ssl10'

88 4425 131 4466 nnis
144 4431 193 4474 ntro
206 4446 259 4476 sanc
273 4447 347 4478 errore
361 4435 386 4480 P.
