2924 5006
145 399 330 454 OHRONIOA
350 403 462 455 Reum
483 402 735 455 OOLONIENSIS.
757 401 859 454 CONT.
877 402 930 454 ΙΙΙ.
950 403 1075 456 Α.1203.
1112 405 1165 455 203

424 575 591 631 Receusio
611 576 636 628 Ι.
656 577 750 628 codd.
772 575 799 628 O.

54 670 236 725 sanctorum
266 661 484 747 apostolorum
513 672 546 727 ot
573 661 708 726 eliorum
740 670 922 727 sanctorum
955 685 996 727 ex
1029 661 1165 728 diversis

55 744 164 808 mundi
178 745 324 831 partibus
342 744 491 811 collectus
507 745 572 812 illic
585 754 787 831 reponentes,
808 745 1038 812 exaluvenmt.

452 836 615 890 Recensio
634 837 658 888 1.
673 844 702 888 ct
719 836 762 887 11.

133 901 240 988 Capta
249 901 347 988 igitur
356 904 445 986 urbe,
456 904 586 969 divitiae
597 904 822 991 repperiuntur
831 902 1070 985 inestimabiles,
1086 903 1165 1004 lepi-

53 985 104 1051 dcs
140 987 349 1052 reciosissimi
360 997 391 1052 et
400 987 677 1075 incomparabiles,
692 1009 768 1074 pars
779 988 896 1052 etiam⁸
908 987 988 1074 ligni
1002 986 1165 1072 domimci,

53 1008 140 1156 quod
155 1092 217 1156 per
238 1069 394 1136 Helenam
416 1072 456 1137 de
478 1072 694 1137 Iberosolimis
715 1070 904 1136 translatum
924 1094 1002 1136 euro
1025 1082 1057 1137 et
1077 1096 1164 1158 gem-

53 1154 108 1218 mis
120 1155 278 1241 preciosis
288 1156 476 1242 insignitum
486 1158 519 1220 in
531 1157 674 1221 maxims
684 1155 749 1219 illio
759 1159 964 1222 veneratione
976 1155 1162 1239 habebatur,

52 1237 90 1301 sb
104 1240 264 1325 episcopis
280 1240 335 1340 qui
349 1250 513 1325 presentes
533 1241 667 1306 aderunt
687 1240 833 1322 incisum,
852 1262 927 1304 cum
947 1239 1018 1305 aliis
1039 1243 1163 1326 precio-

54 1322 336 1410 sissimisreliqsuis
346 1347 405 1409 per
414 1324 538 1391 nobiles
551 1346 693 1411 quosque
704 1325 850 1410 partitur,
865 1333 897 1389 et
907 1335 1019 1424 postea
1033 1326 1101 1388 oieb
1116 1349 1164 1391 re-

53 1408 244 1474 vertentibus
256 1407 297 1472 sd
308 1408 412 1473 natale
421 1409 533 1492 solum,
544 1431 603 1494 per
611 1409 762 1474 ecclesias
771 1417 802 1473 et
812 1407 946 1474 cenobia
953 1408 1164 1481 distribuitur.

130 1491 303 1573 Quomodo
326 1502 433 1558 sutem
455 1493 591 1582 [primos
618 1493 753 1559 subacta
780 1492 843 1592 sitJ,
874 1501 905 1558 et
925 1491 1061 1558 Alexius
1089 1517 1164 1559 cum

53 1585 136 1660 petre
163 1598 234 1658 suo,
268 1578 324 1661 qui
352 1599 372 1640 e
397 1577 495 1642 fratre
526 1600 583 1643 suo
609 1578 730 1642 eiectus
757 1587 789 1642 et
814 1588 1028 1642 moereeratus
1050 1577 1163 1660 isserat,

54 1659 89 1722 sit
112 1660 276 1742 reductus,
309 1683 367 1748 per
394 1660 477 1726 banc
505 1659 683 1749 epistolem,
716 1683 813 1747 quem
843 1682 951 1726 comes
980 1660 1020 1726 de
1044 1661 1162 1727 Sancto

54 1742 146 1808 Paulo
168 1744 247 1810 duci
267 1745 460 1812 Brcbsntisc
482 1747 576 1828 misit,
599 1754 707 1832 potest
728 1746 896 1830 agnosci1:

127 1829 356 1895 Precordiulitl
368 1833 472 1896 amico
488 1854 546 1896 suo
563 1832 755 1910 H[einriev]
771 1831 849 1894 duci
863 1831 901 1894 de
916 1828 1075 1912 Levaniv,
1090 1832 1162 1895 viro

54 1909 156 1995 nobili,
179 1914 317 2061 Empe]
343 1937 444 1980 comes
476 1915 594 1981 Sancti
619 1915 728 1979 Pauli.
790 1913 919 1978 Statum
953 1917 1165 2062 pappperrimi

53 1999 205 2062 eventus
229 1999 250 2060 I
270 2022 325 2063 esu
350 1999 472 2066 Christi
493 1999 657 2065 nobilitati
676 2008 778 2063 vesun
807 1999 977 2062 declarare
1028 1999 1162 2063 esidero.

54 2080 182 2146 Noverit
210 2105 287 2168 erpo
320 2085 478 2148 serenitas
499 2094 617 2166 vestra,
641 2084 721 2168 quia
743 2081 867 2164 Alenis,
888 2082 983 2164 filius
1014 2084 1162 2148 Tirsaci⁰

13 2213 14 2234 1
54 2166 213 2250 quondum
234 2169 442 2315 imperatoris
467 2167 832 2252 Constantinopolitani,
854 2189 946 2252 quem
957 2166 1072 2250 frater
1093 2171 1164 2232 eius

51 2259 180 2335 propter
213 2275 265 2315 am
287 2253 418 2317 itionem
446 2254 578 2338 imperii
602 2253 774 2332 enoecavit,
799 2253 886 2315 venit
912 2251 958 2315 ad
985 2274 1045 2315 nos
1069 2251 1163 2337 apud

57 2332 194 2418 Corfaut,
217 2336 327 2420 ibique
347 2336 482 2421 penibus
495 2338 606 2423 flemis,
623 2335 776 2420 profusis
790 2334 948 2414 lacrimis,
963 2337 1159 2400 universita-

12 2421 15 2532 ᾗ
54 2425 105 2481 tem
126 2428 271 2483 nostram
298 2442 450 2502 eoeoraus,
481 2423 638 2507 quatinus
662 2420 974 2504 Constantinopolim
1000 2423 1161 2484 venientes

12 2533 15 2636 p
54 2525 117 2566 cum
130 2505 215 2588 ipse,
228 2506 258 2568 ei
273 2503 456 2568 auveiliumr
467 2515 699 2591 prestaremus,
712 2512 747 2568 ut
757 2505 827 2589 ipse
844 2501 1042 2568 avunculum
1054 2527 1160 2586 suum,

55 2588 105 2670 qui
124 2611 206 2673 erpa
223 2597 354 2673 patrem
375 2613 470 2654 suum
491 2599 617 2654 tantum
631 2589 733 2654 scelus
743 2597 1004 2673 perpetraverat,
1021 2613 1043 2652 a
1056 2611 1160 2674 repuo

51 2691 106 2752 per
127 2672 291 2737 auvilium
312 2682 458 2738 nostrum
479 2671 656 2758 conpelleret,
680 2672 768 2757 quod
783 2695 848 2756 per
870 2673 1074 2738 ambitionem
1097 2673 1162 2738 sibi

55 2765 268 2842 usurpaverat
295 2767 323 2821 et
349 2760 466 2822 iniuste
483 2759 685 2843 possederat.
746 2756 856 2840 Super
878 2757 936 2821 boc
967 2767 1073 2822 autem
1085 2757 1160 2841 fuit

55 2840 129 2901 inter
150 2863 210 2905 nos
233 2843 379 2906 maxima
402 2841 560 2906 dissensio
576 2851 604 2904 et
622 2844 740 2927 inpens
755 2841 910 2905 tumultus
917 2864 930 2922 ,⁰
952 2864 1059 2907 omnes
1074 2843 1160 2906 enim

12 2917 14 2982 l
55 2919 233 2989 clamabant
258 2926 308 2990 ire
336 2926 429 3010 apud
456 2927 647 3008 Acconis,-
670 2927 780 3074 puuci
790 2924 936 3008 fuerunt
950 2926 1032 3010 plus
1061 2948 1160 3010 quam

12 2637 14 2654 l

12 2655 14 2672 l

55 3008 164 3091 vipinti
185 3009 267 3094 qvih
292 3009 605 3095 Constantinopolim
633 3033 668 3074 co
695 3010 883 3091 nudassent,
893 3033 1049 3156 Equorum
1069 3009 1159 3093 fuiti

12 3115 13 3176 j
57 3110 133 3155 unus
155 3095 336 3175 marolio*,
359 3095 499 3159 comes**
521 3093 748 3176 blandrensis,
771 3116 872 3158 comes
922 3093 1108 3159 uclewieusk
1131 3101 1160 3155 et

12 3187 13 3254 l
56 3172 109 3240 alii
129 3199 267 3262 quorum
288 3181 424 3243 nominc
446 3179 490 3243 ad
509 3201 644 3262 presens
665 3181 850 3244 reticentur.
896 3176 962 3252 Qui
976 3199 1082 3242 omnes
1103 3181 1161 3242 toti

56 3263 202 3325 evmeitui
232 3263 430 3327 ostendentes
456 3261 638 3348 manifeste,
670 3264 755 3348 quod
784 3263 841 3326 via
873 3260 1160 3325 Iberosolimitana

12 3351 13 3394 ὲ
57 3346 285 3410 solemnibus
306 3347 437 3412 inutilis
458 3356 487 3411 et
508 3348 702 3430 dampnosa,
725 3370 797 3410 cum
823 3348 893 3431 ipsi
920 3354 1023 3409 essent
1044 3348 1100 3409 ino
1126 3368 1159 3409 es

12 3477 13 3492 2
56 3433 80 3486 et
97 3429 290 3495 victualibus
311 3433 478 3511 inmuniti,
498 3453 555 3494 nee
578 3440 656 3496 esset
671 3431 792 3515 aliquis
806 3432 891 3494 inter
905 3451 957 3493 eos
971 3432 1029 3514 qui
1042 3431 1088 3492 mi
1100 3431 1159 3493 ites

12 3591 13 3596 η
58 3509 96 3573 cd
121 3516 287 3600 stipendia
315 3524 343 3580 et
369 3515 556 3580 sariautos¹
587 3516 633 3580 acl
659 3514 798 3580 solidum
828 3515 998 3595 detineret,
1028 3513 1076 3578 vel
1101 3514 1160 3598 qui

55 3601 207 3674 petrarios
220 3598 351 3682 faceret
367 3600 525 3683 protrahi
546 3623 603 3664 uec
626 3599 697 3665 ulia
718 3601 935 3663 instrumenta
951 3597 1066 3662 bellica
1077 3620 1157 3683 pro-

57 3676 132 3745 duci.
176 3685 319 3747 Tandem
340 3706 415 3749 vero
436 3685 494 3748 viu
515 3685 608 3749 nobis
631 3686 870 3770 acquieverunt,
885 3681 948 3746 tali
961 3691 1067 3747 tamen
1082 3703 1157 3746 con·

120 3805 147 3875 *)
167 3808 305 3862 Conradus
325 3810 389 3862 add.
411 3807 462 3862 02.
573 3807 619 3876 **)
639 3809 787 3862 leduinus
806 3809 870 3861 add.
889 3809 940 3861 02.
987 3863 989 3870 s

59 3907 78 3962 ὅ)
92 3918 112 3954 st
127 3917 166 3958 02.
196 3917 219 3970 b)
233 3921 288 3959 deest
304 3919 344 3960 02.
405 3919 514 3972 optimo
530 3921 671 3962 subnotant
686 3921 727 3963 des.
745 3920 786 3962 01.
803 3921 823 3961 2.
885 3917 1024 3971 d)Epistols
1044 3919 1113 3958 rubra
1134 3919 1159 3958 tu

59 3975 143 4022 *arvino
164 3979 213 4019 Bl.
256 3978 278 4029 e)
302 3979 403 4020 Timonis
427 3980 474 4028 013
491 3981 599 4031 Tyrsscls
615 3980 661 4020 Bl.
698 3979 717 4029 f)
740 3981 765 4019 in
788 3990 809 4021 s.
825 3979 875 4020 Bl.
917 3978 941 4029 g)
957 3979 1065 4018 Acheron
1080 3979 1120 4018 01.
1138 3980 1159 4021 2.

58 4027 204 4136 multaris&
216 4037 332 4080 ConstM.
408 4038 618 4092 i)unusfui102.
693 4037 719 4091 k)
734 4039 761 4079 L.
778 4049 797 4078 c.
815 4039 858 4079 02.
939 4035 957 4087 l)
974 4041 1094 4086 saguntos
1111 4039 1159 4088 023

99 4102 158 4133 ens
207 4127 213 4139 ,

63 4186 86 4255 Ῑ)
103 4193 186 4253 Sinite
210 4202 305 4254 barum
330 4199 478 4255 litterarum
502 4203 636 4270 evemplar
668 4201 808 4256 ediderunt
833 4201 953 4253 Marione
983 4209 1008 4252 et
1030 4199 1157 4264 Durcnd,

67 4265 129 4321 Tlos.
143 4275 166 4340 I,
181 4294 210 4342 p.
232 4275 300 4338 784,·
319 4291 351 4325 ea·
370 4269 421 4342 q'uo
440 4293 485 4330 eas
511 4275 589 4328 attuli
614 4275 741 4340 lectiones,
766 4291 834 4341 quae
853 4275 953 4327 codices
975 4283 1078 4327 nostros
1098 4292 1158 4326 con·

56 4341 154 4404 firmare
171 4350 211 4400 vei
222 4350 361 4402 emendare
368 4358 490 4416 possuntt.
518 4347 617 4402 Editus
629 4359 692 4402 eunt
704 4366 736 4402 ea
755 4356 865 4415 utroque
878 4347 1024 4414 evemplari
1036 4349 1158 4413 Boaqoe

64 4426 119 4469 aaz.
136 4420 244 4487 svin,
257 4441 289 4490 p.
309 4425 372 4475 su.
