2924 5006
305 373 357 423 178
406 370 722 423 canonicesuam
742 369 993 423 COLONIENSIS.
1014 369 1116 421 CONT.
1131 370 1169 424 11.
1189 371 1221 422 A.
1236 370 1316 421 1205.

304 541 445 621 bantie⁸,
459 539 514 626 qui
536 547 611 603 tunc
631 537 711 604 forte
732 559 863 624 presens
884 536 1006 618 aderat,
1027 535 1164 603 liberum
1186 548 1219 604 et
1239 536 1427 602 absolutum
1454 545 1455 624 p

305 646 378 690 eum
401 623 530 689 dimisit.
573 621 742 709 Philippus
764 643 822 686 rex
849 643 923 686 cum
952 622 1039 686 omni
1067 623 1211 687 exercitu
1233 621 1427 686 Coloniaml
1454 661 1455 664 =

305 707 490 795 preteriens,
511 707 662 771 Nussiam
691 706 841 788 accessit,
871 726 968 792 quam
990 707 1058 771 sine
1079 727 1198 792 magna
1217 707 1331 771 martis
1356 726 1428 769 eon-

305 794 468 878 gressione
490 792 523 855 in
546 789 739 858 deditionem
761 791 932 875 accipiens,
953 788 1073 855 Adolfo
1093 790 1289 876 archiepisco
1316 811 1338 856 ο
1359 811 1427 854 eam
1454 811 1455 820 ³

305 877 511 962 resignavit¹.
554 875 607 940 Ibi
628 874 864 954 Constantinus,
886 873 970 938 filius
993 873 1135 940 Ounradi
1163 874 1203 940 de
1224 874 1267 938 D·
1322 897 1353 956 e,
1382 874 1430 938 vir

306 960 452 1026 militaris
480 969 512 1025 et
540 969 700 1041 strenuus,
729 959 795 1022 ictu
822 959 936 1042 sagitte
964 979 1134 1045 percussus
1162 957 1327 1024 occubuit.
1381 957 1430 1023 Ibi

307 1046 403 1109 etiam
425 1054 496 1108 octo
517 1053 583 1108 tarn
604 1042 719 1108 milites
742 1065 840 1130 quam
862 1042 955 1123 servi,
978 1043 1033 1129 qui
1054 1043 1185 1108 domurn
1199 1045 1323 1128 regiam
1337 1043 1429 1108 Wer·

307 1128 389 1194 dene
416 1128 541 1193 tradere
566 1125 787 1210 moliebantur,
817 1125 964 1192 decollati
993 1136 1076 1192 sunt.
1129 1125 1255 1192 Eodem
1281 1136 1430 1213 ternpore

307 1234 415 1293 naves,
453 1212 569 1298 quibus
601 1221 773 1310 apparatus
808 1212 894 1296 regis
927 1211 1056 1297 copiose
1092 1213 1168 1276 satis
1203 1233 1241 1275 ao
1277 1211 1430 1277 decenter

307 1296 556 1360 amministratus
577 1305 609 1360 et
629 1295 781 1361 matralia
802 1295 996 1360 exercitibus
1018 1296 1211 1361 sufficienter
1233 1294 1345 1360 delata
1366 1295 1429 1359 fue·

307 1392 389 1463 rant,
410 1380 529 1465 passim
550 1390 621 1445 utra
644 1402 684 1444 ue
705 1390 795 1466 parte
817 1378 921 1444 Rheni
942 1379 1121 1466 quibusque
1143 1381 1176 1443 in
1196 1379 1276 1444 locis
1297 1380 1430 1466 penitus

309 1463 511 1549 diripiuntur,
532 1464 566 1526 in
587 1486 642 1550 qu1
665 1487 703 1528 us
726 1472 832 1550 preter
854 1463 981 1528 diversa
1009 1473 1041 1529 et
1069 1467 1236 1547 innumera
1263 1485 1430 1528 armorum

308 1569 427 1634 genera
447 1547 621 1634 plurimum
641 1549 711 1612 euri
732 1558 764 1613 et
784 1550 917 1633 argenti,
939 1558 1042 1613 vestes
1064 1549 1212 1635 pretiose,
1233 1569 1314 1613 vasa
1333 1568 1430 1612 aurea

308 1644 340 1699 et
359 1643 511 1717 argentea
531 1633 563 1695 in
585 1631 689 1718 bulgis
711 1633 790 1697 etin
804 1633 949 1697 somariis
963 1631 1089 1698 sublata
1103 1643 1185 1713 sunt.
1221 1631 1317 1697 Multi
1332 1633 1429 1697 etism

308 1739 349 1782 ex
370 1716 420 1781 his
448 1718 502 1803 qui
530 1715 666 1781 navibus
694 1727 843 1802 preerant
871 1718 967 1803 capti,
996 1717 1128 1803 quidam
1153 1716 1262 1800 occisi,
1282 1713 1431 1782 nonnulli

308 1822 384 1867 vero
406 1802 499 1887 aquis
521 1800 675 1888 prefocati
696 1802 891 1866 interierunt.
933 1800 1039 1888 Philip
1064 1813 1124 1866 us⁰
1145 1823 1203 1866 rex
1224 1823 1363 1866 movens
1378 1823 1429 1865 ex·

308 1885 452 1968 ercitum,
482 1884 572 1950 Rode
601 1895 740 1950 castrum
767 1885 859 1950 ducis
889 1885 928 1950 de
949 1825 1119 1972 Lymliurg
1149 1883 1285 1950 obsedit.
1333 1883 1430 1966 Quod

308 1970 376 2034 dux
402 1969 569 2034 Lovanie‘1
596 1991 673 2034 mox
703 1969 867 2034 obsidione
895 1967 989 2034 solvit
1033 1991 1072 2034 ea
1104 1969 1300 2052 conditione,
1343 1966 1428 2056 quod

308 2055 415 2144 ipsum
437 2053 551 2118 ducem
581 2052 623 2117 ad
644 2054 781 2139 gratiam
810 2053 894 2140 regis
923 2053 1112 2140 perduceret
1132 2075 1271 2140 eumque
1299 2052 1428 2119 fidelem

307 2138 341 2203 in
364 2137 511 2202 omnibus
531 2139 601 2221 regi
622 2136 749 2220 faceret,
770 2137 822 2202 vel
841 2139 948 2223 ipsum
963 2148 1103 2204 castrum
1117 2138 1222 2204 denuo
1238 2138 1427 2224 resignaret.

309 2221 428 2308 Sicque
457 2243 515 2286 rex
541 2221 740 2307 Aquisgrani
767 2223 910 2304 accessit,
940 2222 979 2288 de
1008 2222 1207 2309 disponendo
1229 2221 1427 2308 reipublice

309 2316 395 2370 statu
417 2303 584 2370 consilium
604 2305 780 2370 habiturus.
828 2306 880 2371 lbi
901 2308 983 2372 tristi
1004 2329 1062 2372 aus
1086 2307 1142 2372 itio
1164 2306 1272 2370 audita
1293 2307 1427 2372 navium

309 2389 534 2476 depredatione
556 2389 785 2476 hominumque
806 2412 936 2454 suorum
950 2428 953 2436 ·
967 2329 1088 2456 crudeli
1118 2392 1287 2473 occisione,
1308 2413 1373 2456 rex
1397 2399 1427 2454 et

310 2476 479 2540 otimates
504 2474 555 2538 sui
582 2475 681 2539 nimia
708 2475 807 2539 animi
846 2476 1057 2541 commotione
1089 2475 1280 2558 exacerbati,
1314 2495 1428 2540 versus

340 2579 469 2622 aronam
491 2559 718 2641 divertentes,i
744 2581 813 2622 sam
828 2559 991 2625 civitatem
1006 2560 1040 2623 in
1054 2559 1160 2625 furore
1176 2569 1209 2624 et
1227 2560 1262 2624 in
1283 2560 1334 2622 ira
1357 2579 1425 2623 cum

308 2641 558 2706 inhabitantibus
579 2643 658 2728 igni,
680 2580 766 2726 serie,
787 2644 908 2730 rapinis
930 2643 1073 2710 funditus
1094 2651 1235 2710 evertere
1249 2642 1425 2710 molieban-

308 2737 369 2791 tur.
412 2726 612 2791 Veronenses
640 2727 750 2809 territi,
779 2729 928 2792 comitem
958 2728 997 2793 de
1020 2729 1180 2816 Liningen
1208 2738 1240 2793 et
1260 2728 1301 2793 de
1325 2729 1350 2794 S
1375 2749 1425 2790 an-

309 2811 394 2874 heim
417 2809 595 2893 sollicitant,
617 2832 752 2897 quorum
775 2811 906 2877 consilio
928 2823 960 2878 et
981 2813 1111 2896 auxilio,
1138 2813 1221 2878 datis
1248 2751 1426 2892 obsidibus,

309 2895 372 2958 300
393 2897 508 2959 marcis
522 2918 569 2982 ¹se
590 2894 731 2994 periculo
759 2907 955 2961 exemerunt.
1005 2897 1124 2964 Comiti
1149 2897 1244 2962 etiam
1267 2896 1308 2961 de
1332 2897 1426 2963 Scine

308 2989 418 3042 notam
440 2979 534 3043 huius
557 2981 698 3044 criminis
719 2979 939 3066 principaliter
960 2980 1112 3064 obiciunt,
1133 2981 1224 3046 illum
1250 2992 1424 3060 auctorem,

309 3060 398 3126 illum
419 3065 509 3163 regni
529 3063 746 3129 insidiatorem
763 3075 985 3147 contestantes,
1001 3067 1168 3152 presertim
1183 3067 1216 3129 in
1231 3066 1322 3130 cuius
1343 3075 1425 3132 terra

310 3155 342 3212 et
371 3169 390 3211 a
420 3170 511 3212 curus
539 3148 720 3213 hominibus
747 3149 922 3234 dampnum
951 3149 1012 3214 hoo
1036 3151 1131 3214 nimis
1160 3148 1423 3215 contumeliosum

311 3231 372 3296 sibi
394 3233 571 3318 contigerit,
600 3233 687 3320 quod
714 3233 776 3296 nisi
805 3233 965 3319 condigna
988 3235 1202 3304 satisfactione
1230 3235 1425 3313 restituatur,

310 3317 433 3382 noverit
453 3339 488 3382 se
508 3317 596 3402 regie
618 3317 791 3382 maiestatis
807 3326 1058 3404 cunctorumque
1072 3319 1257 3404 principum
1272 3318 1422 3383 offensam

310 3401 451 3486 graviter
464 3401 634 3465 incurrisse
649 3411 681 3465 et
693 3411 729 3466 ut
743 3402 916 3466 maiestatis
930 3425 1019 3467 reum
1034 3425 1073 3468 ac
1088 3403 1211 3467 hostem
1233 3401 1424 3481 habendum,

311 3484 509 3570 gratiamque
530 3485 615 3570 regis
637 3483 699 3549 sibi
719 3507 849 3571 prorsus
871 3485 1102 3572 denegandam.
1134 3487 1203 3551 Neo
1226 3490 1272 3550 sic
1295 3486 1422 3573 quidem

310 3571 423 3633 insana
443 3570 614 3632 commotio
634 3568 806 3635 furentium
829 3570 934 3636 sedari
956 3580 1089 3657 poterat,
1112 3570 1189 3658 quin
1210 3568 1345 3636 collecta
1371 3591 1422 3634 un·

311 3652 489 3736 denumque
518 3651 719 3718 multitudine
745 3655 875 3719 navium
903 3655 1050 3720 Rhenum
1078 3654 1213 3721 transire
1245 3663 1424 3740 terramque

312 3735 437 3800 comitis
458 3736 585 3822 penitus
607 3736 790 3823 disperdere
812 3738 1006 3804 molirentur.
1051 3739 1145 3820 Quod
1167 3740 1278 3825 utique
1304 3738 1421 3804 factum

310 3819 434 3902 fuisset,
465 3820 492 3883 si
519 3821 644 3884 comitis
673 3821 713 3886 do
741 3822 899 3908 Liningen
926 3824 1019 3888 etde
1041 3823 1216 3910 Spanheim
1244 3844 1310 3887 non
1331 3823 1423 3888 inter·

311 3906 457 3969 cessisset
488 3903 660 3970 industria:
724 3906 795 3971 Rex
825 3908 924 3994 igitur
951 3906 1119 3995 Philippus
1146 3905 1245 3972 nichil
1272 3906 1422 3972 relatione

311 3987 442 4073 dignum
458 3987 507 4051 his
522 3987 555 4050 in
569 3988 713 4072 partibus
728 4001 910 4074 executusss,
924 4013 997 4057 oum
1012 4014 1130 4079 magno
1145 4013 1275 4056 suorum
1287 3991 1423 4077 dampno

312 4166 335 4280 a}
351 4159 520 4268 &minnist
545 4169 568 4223 b)
585 4168 633 4211 Ool‘
649 4169 698 4212 ΑΞ.
752 4171 773 4224 o)
789 4173 921 4225 Philltppus
937 4173 1162 4224 announcement.
1223 4172 1247 4226 d)
1262 4175 1364 4216 Lovenis
1380 4173 1422 4213 At.

311 4239 323 4268 e
351 4237 419 4269 exerc
439 4239 466 4268 us
522 4257 528 4271 .

305 4355 341 4445 Ὶ1)
361 4377 407 4428 Ita
426 4376 504 4430 eliam
524 4377 618 4432 Ohron.
638 4379 750 4446 rhythm.
770 4383 787 4434 l.
808 4383 824 4435 l.
844 4381 929 4436 Aliter
948 4401 1002 4436 rem
1019 4391 1116 4437 narrat
1135 4384 1208 4438 Cant.
1228 4384 1287 4438 ΙΙΙ.
