2942 4998
246 398 281 446 24
510 392 699 446 CHRONICA
717 392 829 445 unum
850 390 1101 444 COLONIENSIS.

321 568 489 633 Quomodo
510 567 671 619 Conrado
691 573 822 618 mortuo
836 567 1022 618 Heinricus
1041 565 1141 628 Saxo,
1160 564 1368 616 filiusOtto·

247 645 314 707 nis,
334 644 365 693 ei
384 644 612 694 successerit.

321 717 407 782 Igitur
432 715 548 766 Karolus
576 719 729 781 susceptum
759 719 852 764 contra
877 713 996 763 Saxones
1026 711 1141 774 bellum,
1170 711 1243 777 quod
1272 727 1369 778 magna

247 796 418 856 utrorumque
448 791 630 852 animositate,
659 789 759 838 maiore
788 792 878 838 tamen
904 786 1038 838 Saxonum
1066 785 1180 853 dampno
1210 800 1258 852 per
1284 787 1368 836 conti-

248 879 314 914 nuos
335 863 370 912 30
390 879 474 914 annos
494 867 608 913 tractum
628 867 678 920 est,
699 875 731 910 ea
751 861 909 911 condicione
934 863 1038 910 constat
1064 875 1122 929 esse
1146 857 1247 909 linitum
1274 887 1308 895 -
1337 885 1368 895 —
1458 893 1460 902 r

250 952 339 988 coram
352 938 425 987 omui
437 935 536 1003 populo
549 937 713 986 Francorum
730 939 810 998 atque
824 934 967 984 Saxonum.
998 931 1099 984 Elskeb,
1110 949 1140 996 p.
1155 933 1215 982 161.
1232 932 1292 981 179.
1309 931 1370 982 180.
1459 947 1461 978 ι

250 1010 373 1061 Caicum
390 1012 470 1060 uncio
485 1016 512 1060 et
525 1008 651 1058 diadema
667 1033 698 1042 -
712 1031 749 1042 -
762 1006 863 1056 amicus
877 1007 949 1069 regis
962 1003 1114 1071 appellatus
1129 1011 1176 1056 est.
1209 1005 1267 1055 Rex
1281 1012 1369 1056 antem
1458 1027 1461 1072 ι

248 1083 392 1135 Heinricus
413 1083 446 1133 de
467 1082 510 1133 die
523 1084 551 1132 in
565 1082 636 1131 diem
651 1106 683 1115 —
698 1105 731 1118 ·-
748 1084 840 1129 contra
859 1078 974 1129 Galliam
992 1084 1019 1128 et
1031 1076 1152 1128 Lotharii
1166 1093 1287 1143 regnum.
1319 1079 1370 1140 Qui
1460 1121 1461 1140 ,

250 1158 331 1207 etiam
346 1156 525 1208 Giselbertnm
539 1155 634 1204 ducem
648 1151 769 1217 Belgica,
790 1151 905 1203 nobilem
919 1153 1053 1214 iuvenem,
1074 1152 1237 1217 desponsata
1249 1153 1301 1202 sibi
1315 1151 1371 1202 filia
1458 1153 1461 1226 j

250 1245 299 1280 sua
327 1229 434 1279 nomine
463 1227 604 1291 Gerbirga,
629 1224 759 1276 affinitate
784 1226 884 1292 pariter
907 1230 934 1275 et
958 1226 1085 1275 amicicia
1107 1226 1193 1275 iunxit
1222 1240 1282 1274 eum
1311 1226 1370 1283 sibi,
1456 1235 1461 1286 ,³

251 1301 391 1366 sublegato
412 1301 459 1350 eir
485 1301 557 1350 omni
575 1300 695 1350 Lotharii
718 1314 809 1364 regno.
847 1299 911 1349 Post
935 1298 986 1348 hec
1005 1313 1052 1348 rex
1071 1299 1206 1364 Ungarios
1227 1297 1370 1350 Saxouiam

250 1379 444 1441 percurrentes,
464 1375 576 1440 probare
596 1372 725 1433 volentes,
746 1387 780 1422 an
798 1387 883 1423 novus
905 1387 950 1421 rex
975 1371 1055 1422 solita
1080 1372 1163 1422 vellet
1186 1371 1287 1422 tributa
1313 1388 1371 1438 per·
1455 1375 1461 1418 ἑ

250 1447 363 1509 solvere,
384 1447 498 1498 collecto
519 1447 638 1497 exercitu
658 1445 691 1496 de
704 1443 802 1496 finibus
815 1446 870 1496 suis
883 1444 992 1510 expulit,
1014 1447 1083 1496 cesis
1097 1461 1188 1496 eornm
1202 1446 1370 1496 exercitibus.
1455 1435 1461 1519 ξ

250 1521 365 1585 Pragam
386 1522 466 1570 etiam
486 1520 553 1571 adiit
573 1545 607 1555 -
628 1546 662 1556 -
682 1534 804 1569 reversus
824 1523 864 1568 est
881 1517 909 1567 in
929 1517 1082 1568 Saxoniam.
1121 1518 1266 1568 Heinricns
1292 1519 1372 1567 etiam
1453 1526 1459 1572 ξ

250 1598 328 1660 pater
346 1594 450 1659 patriae
468 1619 504 1629 -
526 1619 556 1630 -
579 1593 722 1643 Saxoniam
741 1591 890 1642 revertitur.
928 1592 1043 1657 Accepit
1064 1593 1143 1641 etium
1166 1591 1200 1640 ab
1224 1592 1284 1657 ipso
1308 1606 1372 1654 rege

250 1666 367 1718 Rudolio
387 1667 510 1717 lanceam
530 1665 664 1732 quandam
684 1689 720 1701 -—
740 1691 772 1700 -
793 1666 821 1714 in
839 1666 1028 1730 imperatorum
1054 1665 1139 1714 tutela
1162 1663 1232 1715 solet
1256 1679 1373 1713 manere.
1452 1673 1456 1697 ¹

252 1740 306 1792 Sed
321 1746 348 1791 et
360 1742 440 1807 Hugo
460 1767 497 1776 -
516 1765 549 1776 -
570 1739 682 1805 planctu
701 1745 728 1789 et
746 1738 864 1788 lacrimis
878 1736 1060 1802 plurimorum.
1098 1737 1161 1789 ibid.
1170 1753 1202 1802 p.
1219 1735 1372 1788 179-183.
1452 1741 1455 1767 ²

251 1815 316 1866 Post
335 1816 410 1865 onius
429 1819 539 1864 mortem
560 1813 624 1864 Otto
643 1812 767 1877 Magnus,
786 1809 857 1862 filius
878 1813 943 1875 eius,
968 1811 1002 1861 ab
1022 1813 1093 1861 omni
1118 1810 1215 1877 populo
1237 1809 1372 1860 Saxonum
1450 1811 1454 1877 ξ

252 1893 280 1937 et
297 1887 460 1939 Francorum
481 1887 583 1938 electus
602 1888 630 1937 in
649 1901 741 1952 regem
760 1885 923 1951 Aquisgrani
943 1891 970 1935 et
989 1901 1051 1935 mox
1069 1891 1164 1934 unctus
1181 1910 1214 1920 -
1229 1909 1263 1919 -
1278 1881 1372 1935 fideles

251 1961 323 2025 regis
349 1962 446 2012 misere
466 1961 594 2011 laniabat.
632 1958 804 2010 Everhardns
824 1964 913 2008 autem
939 1964 967 2008 et
986 1958 1146 2009 Gisilbertns
1171 1955 1312 2008 audientes
1337 1984 1372 1994 -

253 2059 286 2070 -
307 2032 398 2097 gladio
418 2040 593 2084 truncaretur.
633 2033 712 2095 Quod
732 2049 792 2083 cum
811 2032 870 2096 regi
889 2032 1043 2082 nunciatum
1063 2031 1165 2092 fuisset,
1190 2031 1291 2094 gratias
1317 2033 1374 2096 egit
1449 2037 1463 2102 ἒξ

252 2107 322 2169 Deo,
347 2106 512 2172 proiecitque
537 2106 643 2170 regioni
668 2106 901 2171 Lotharingiorum
927 2106 1061 2167 Ottonem,
1087 2103 1171 2154 filium
1194 2104 1318 2166 Riuwini,
1346 2109 1375 2155 ut
1449 2095 1462 2144 ’ἓ

252 2205 288 2216 -
308 2203 343 2214 -
363 2179 481 2229 nutriret.
520 2178 572 2239 Qui
591 2183 682 2227 tamen
701 2178 780 2229 arnbo
806 2181 833 2228 in
860 2179 933 2227 brevi
960 2176 1079 2229 defuncti
1098 2182 1168 2239 sunt,
1194 2183 1221 2228 et
1246 2176 1377 2230 ducatum
1455 2181 1460 2204 '¹

252 2252 370 2316 regionis
389 2267 436 2301 rex
450 2249 574 2301 cunrado
595 2252 736 2315 concessit,
756 2253 800 2301 cui
820 2278 854 2288 -
875 2277 909 2286 -
929 2252 1054 2302 astrictus
1074 2256 1122 2302 est.
1153 2250 1277 2301 Sororem
1292 2251 1376 2302 etiam
1449 2278 1460 2314 -3

252 2325 325 2389 regis
350 2325 523 2387 Gerbergam,
548 2339 685 2373 uxorem
706 2323 913 2382 Gisilberti,
931 2324 1092 2374 Ludewicus
1116 2338 1163 2372 rex
1183 2323 1271 2375 Gallie
1299 2324 1377 2375 duxit

253 2413 370 2459 uxorem,
390 2411 458 2464 quae
479 2399 504 2446 ei
522 2397 616 2461 genuit
635 2396 701 2446 duos
718 2395 796 2459 filios,
816 2395 944 2448 Karolum
965 2404 991 2447 et
1009 2398 1173 2459 Lotharium‚
1192 2399 1239 2462 qui
1259 2403 1286 2448 et
1305 2399 1378 2464 patri

253 2475 347 2538 postea
365 2471 504 2522 successit.
535 2470 599 2520 Post
617 2469 668 2521 hec
682 2471 834 2532 Heinricus,
854 2470 935 2520 irater
957 2471 1038 2535 regis,
1059 2470 1192 2521 adiutorio
1207 2471 1377 2536 quorundam
1451 2467 1465 2536 l!

254 2545 440 2611 episcoporum
454 2543 532 2594 nudis
546 2543 659 2608 pedibus
674 2546 746 2608 regis
765 2544 947 2610 prosternitur,
967 2543 1080 2609 supplex
1100 2545 1205 2594 veniam
1219 2547 1379 2610 promeruit,

254 2617 359 2683 aliquas
379 2619 459 2667 etiam
479 2617 557 2667 urbes
572 2618 661 2682 ipsius
680 2618 772 2668 usibus
792 2617 932 2666 concessit.
965 2617 1038 2666 Dein
1056 2619 1084 2667 iu
1101 2633 1230 2682 processu
1248 2620 1380 2685 temporis
1449 2614 1465 2692 ξ·

253 2717 288 2728 -
308 2717 344 2728 -
363 2689 546 2755 mirabilisque
565 2690 718 2756 prudencie.
750 2691 861 2741 Moritur
879 2695 940 2755 post
958 2690 1010 2740 hec
1030 2688 1126 2741 Edidis
1145 2693 1247 2757 regina,
1267 2697 1380 2743 mater
1448 2699 1465 2755 ’ς

252 2762 395 2814 Ludolii
414 2770 447 2816 et
466 2763 685 2827 Latgardae,
706 2779 793 2828 quae
812 2770 978 2829 nupserat
997 2763 1157 2814 Ounrado
1184 2765 1270 2816 duci.
1310 2765 1379 2818 Post

255 2838 330 2888 cuins
359 2843 470 2888 mortem
504 2837 567 2887 Otto
603 2851 649 2886 rex
679 2835 795 2886 Ytaliam
829 2837 940 2887 intravit
969 2852 1073 2888 causa
1103 2836 1242 2888 Adeleidis
1270 2840 1378 2904 regine,
1446 2831 1463 2900 ξ,“

254 2925 367 2975 eamque
386 2911 438 2962 sibi
456 2911 484 2960 in
504 2909 658 2974 coniugium
677 2911 799 2973 sociavit,
819 2916 925 2961 etcum
946 2925 978 2959 ea
996 2911 1117 2977 Papiam,
1142 2927 1210 2976 quae
1230 2910 1310 2962 sedes
1337 2919 1380 2964 est
1445 2905 1465 2980 ἐξ

253 2985 340 3048 regni,
353 2983 479 3046 obtinuit;
500 2998 532 3032 ex
546 2998 599 3048 qua
613 2989 709 3050 postea
721 2990 775 3035 tres
788 2983 858 3034 filios
870 2985 972 3050 genuit,
988 2985 1194 3050 primogenitum
1208 2984 1381 3051 Heinricum,
1445 2983 1460 3042 :²

255 3057 402 3108 secundum
428 3057 588 3120 Brunonem,
616 3057 767 3108 Romane
797 3058 955 3110 ecclesie
983 3064 1107 3123 postea
1141 3057 1380 3123 pontificeml,
1445 3049 1459 3113 {i

255 3131 368 3181 tercium
398 3131 480 3196 patris
511 3131 671 3195 equivocum
696 3128 832 3196 filiamque
858 3131 965 3180 nomine
989 3131 1198 3182 Methildam.
1243 3131 1381 3184 Ludolfus

255 3209 346 3254 antem
365 3229 399 3240 ·-
420 3231 450 3239 -
478 3209 589 3269 paterne
615 3203 755 3255 voluntati.
798 3203 889 3254 Rebus
914 3205 996 3268 igitur
1019 3207 1070 3255 rite
1097 3205 1251 3271 compositis
1275 3231 1314 3240 -
1343 3233 1379 3242 -

255 3278 375 3343 spiritum
393 3275 510 3327 reddidit
522 3277 590 3328 Non.
604 3278 670 3328 Mai.
704 3276 830 3344 Sepultus
850 3282 891 3326 est
910 3277 1096 3342 Magadeburg
1115 3293 1132 3326 a
1150 3279 1380 3344 principibus

254 3348 409 3421 honorifice.
447 3348 512 3402 itia.
530 3367 558 3416 p.
581 3349 734 3402 184-189.

648 3459 813 3511 discensio
833 3459 900 3511 cod.
921 3457 977 3510 01.

255 3553 340 3617 ducis,
366 3551 438 3602 lilii
457 3551 598 3602 Ludolfi
625 3551 722 3602 ducis
743 3551 891 3602 Saxonis
911 3578 948 3587 —
969 3579 1001 3588 -
1022 3551 1057 3601 ad
1082 3553 1187 3603 initium
1212 3551 1288 3616 regni
1315 3569 1380 3619 per·

255 3624 406 3675 tendamus·
445 3622 545 3674 Eitea.
1444 3661 1448 3690 ζ

329 3695 502 3758 Quomodo
517 3695 674 3747 Conrado
693 3698 1024 3748 mortuoHeinricus
1038 3698 1124 3748 Saxo
1143 3698 1173 3748 ei
1192 3700 1380 3751 successit.
1443 3737 1447 3762 ,

329 3770 415 3834 Igitur
426 3766 541 3818 Karolus
555 3769 670 3834 Magnus
684 3777 836 3834 susceptum
850 3776 942 3820 contra
955 3771 1073 3822 Saxones
1086 3770 1186 3821 bellum
1202 3775 1235 3820 et
1254 3776 1380 3823 cetera
1441 3767 1447 3834 ἕ

257 3856 343 3908 quae
362 3845 526 3892 secuntur
547 3857 669 3908 usque:
689 3849 823 3906 potestate
849 3845 972 3909 regnavit
996 3845 1023 3895 in
1044 3844 1189 3896 Saxoniam
1211 3844 1380 3896 invenies
1441 3846 1445 3908 ξ

256 3917 288 3965 ἱιι
312 3919 496 3980 quaterno,
517 3914 998 3980 ubiloquordeSaxonibus.
1039 3918 1215 3983 Sequitur:
1242 3918 1380 3979 Quieum
1440 3917 1443 3979 ξ

255 3990 284 4043 in
307 3989 392 4055 prima
418 3993 489 4038 etate
516 4015 548 4024 -
576 4016 611 4023 —
637 3987 762 4038 ducatum
786 3988 902 4055 reliquit.
939 3991 983 4041 Ut
1008 3991 1046 4040 ad
1070 3991 1258 4058 superiora
1282 3991 1381 4046 rede,
1431 4003 1442 4077 ¹·

257 4077 358 4112 amus.
396 4062 455 4112 Rex
472 4061 690 4112 Romanorum
711 4060 848 4114 Conradus
867 4089 903 4099 —
925 4091 956 4100 -
978 4079 1066 4116 coram
1088 4065 1160 4117 omni
1175 4063 1274 4131 populo
1290 4063 1380 4116 Fran·
1430 4059 1441 4118 ιΞ

258 4151 348 4186 corum
367 4139 447 4200 atque
467 4135 611 4187 Saxonum.
648 4134 749 4185 Etket.
1429 4110 1442 4185 1

154 4258 156 4260 ’
258 4260 383 4313 a)etBl.

334 4380 361 4446 1)
387 4379 458 4431 Noto
473 4397 591 4433 errorem
610 4381 773 4448 stapulensem
793 4381 952 4435 Colonierrsr's
972 4381 1115 4448 scriptoris.
