2944 5002
311 385 366 436 344
430 384 480 434 EX
498 383 593 434 HIST.
612 381 894 435 EXPEDITIONUM
914 383 953 434 IN
972 380 1119 433 Tnausu
1139 379 1316 431 SANCTAM.

234 571 302 612 mr.
314 549 462 617 Salvator
488 558 695 614 conversatus
723 557 770 613 est
796 549 1034 634 conspeximus,
1064 559 1095 614 et
1120 569 1178 633 per
1200 544 1431 632 Capharnaum

312 634 456 699 infirmos
483 642 609 698 nostros
636 642 809 718 portantes,
842 633 942 698 nostri
967 631 1078 697 Accon
1105 633 1225 697 reversi
1251 640 1329 695 sunt
1357 651 1431 694 cum

313 717 516 784 multitudine
538 720 739 803 captivorum
761 724 793 782 et
818 717 919 802 preda
945 738 1070 802 magna.
1114 716 1296 802 Episcopus
1321 723 1430 778 autem

312 802 519 883 Acconensis,
553 801 735 888 predicator
764 799 976 881 dulcissimus,
1010 801 1160 886 parvulos
1192 821 1313 880 omnes,
1352 805 1451 884 quos}

312 886 363 952 vel
384 909 480 972 prece
502 884 553 950 vel
575 887 683 972 precio
706 885 850 950 obtinere
868 886 982 972 potuit,
1006 885 1180 972 baptizavit
1201 893 1233 949 et
1253 884 1341 947 inter
1363 882 1431 948 reli-

313 972 422 1057 giosos
443 968 606 1057 applicare
629 969 796 1055 disposuit.

395 1055 434 1119 In
461 1054 602 1120 secundo
630 1054 773 1140 equitatu
801 1062 932 1118 ventum
960 1063 1008 1118 est
1042 1052 1085 1117 ad
1118 1063 1258 1118 montem
1287 1051 1429 1133 Thabor,

312 1137 368 1203 ubi
397 1136 597 1225 impuberem
625 1137 837 1203 Sarraccnum
866 1160 943 1203 vera
968 1136 1062 1202 nobis
1089 1138 1295 1202 nunciantem
1327 1157 1428 1200 sacer·

222 1247 272 1288 na.
282 1247 302 1288 a.
314 1222 404 1288 dotes
425 1222 640 1308 baptizabant.
683 1222 856 1286 Dominica
875 1244 952 1288 vero
982 1222 1137 1286 adventus
1159 1221 1294 1286 Domini
1326 1221 1430 1308 prima

311 1307 472 1393 peregrini
494 1307 535 1370 ad
557 1306 700 1372 laborem
723 1316 798 1371 sunt
818 1307 956 1388 invitati,
978 1316 1010 1371 et
1030 1307 1064 1369 in
1079 1307 1184 1392 primo
1205 1304 1331 1370 insultu
1355 1315 1427 1370 stra

311 1400 426 1455 verunt
448 1389 654 1455 castellanum
680 1390 927 1456 descendentem
956 1400 987 1455 et
1007 1390 1196 1456 amiraldum
1224 1412 1328 1453 unum
1360 1411 1427 1453 cum

312 1475 408 1539 sociis
431 1476 496 1539 suis
505 1485 528 1540 ².
572 1474 637 1541 Sed
660 1496 724 1539 non
752 1474 887 1540 multum
916 1473 963 1538 ibi
987 1485 1157 1555 morantes,
1188 1472 1230 1539 ab
1259 1475 1427 1559 impugna·

311 1560 397 1624 tione
419 1561 515 1625 castri
542 1570 750 1639 recesserunt,
782 1561 960 1624 aversionis
983 1581 1040 1623 sue
1069 1581 1197 1624 causam
1226 1560 1426 1644 ignorantem

312 1643 369 1708 sed
398 1643 602 1725 credendum,
630 1644 738 1708 Deum
767 1642 830 1708 sibi
858 1643 917 1708 soli
970 1642 1083 1708 loriam
1110 1665 1299 1709 reservasse.
1348 1642 1425 1706 Nam

310 1729 373 1813 ipsi
395 1739 506 1812 postea
528 1727 698 1793 Sarraceni
720 1738 858 1792 castrum
880 1751 937 1813 pre
961 1730 1060 1793 ictum
1082 1728 1338 1793 famosissimum
1360 1747 1424 1812 pro

310 1813 389 1898 priis
411 1812 559 1877 manibus
581 1812 796 1878 devastarunt.

393 1896 433 1960 In
455 1897 554 1961 tercio
577 1897 731 1982 equitatu,
754 1897 827 1960 cuib
850 1894 1032 1981 patriarcha
1053 1905 1085 1960 et
1098 1897 1182 1960 sacri
1200 1918 1217 1959 e
1241 1895 1352 1981 iscopi
1366 1915 1422 1958 nou

311 1980 536 2061 interfuerunt,
560 1981 717 2046 exercitus
733 1981 867 2046 Domini
892 1980 971 2045 fines
994 1979 1095 2066 Thyri
1121 1989 1153 2044 et
1172 1919 1316 2066 Sydonis
1340 1981 1425 2043 iuxta

202 2063 480 2150 naacSareptam
502 2064 611 2128 adivit.
655 2066 694 2130 In
715 2064 827 2151 vigilia
848 2063 961 2129 natalis
984 2073 1016 2129 et
1036 2066 1183 2149 sequenti
1203 2074 1299 2129 nocte
1324 2063 1422 2128 maxi-

310 2169 397 2212 mam
419 2158 641 2235 tempestatem
663 2171 776 2235 passus
804 2159 852 2214 est
874 2159 905 2214 et
928 2150 1070 2214 omnium
1093 2148 1158 2213 fere
1172 2149 1422 2214 necessariorum

309 2234 495 2318 penuriam,
518 2255 580 2318 que
602 2234 663 2297 nisi
685 2233 872 2299 abbreviata
885 2233 1007 2316 fuisset,
1029 2233 1143 2298 hiemis
1158 2233 1315 2317 asperitas
1335 2251 1423 2319 quam

309 2315 464 2402 plurimos
486 2318 686 2382 extinxisset.

393 2402 470 2466 Post
498 2400 558 2466 hec
585 2400 705 2465 milicia
733 2401 927 2488 quadrifarie
955 2401 1067 2484 divisa,
1100 2424 1159 2467 rex
1185 2401 1341 2486 Ungarie,
1370 2419 1421 2462 rex

311 2483 412 2571 Cypri
434 2508 454 2550 a
476 2485 657 2584 patriarcha
679 2496 710 2552 et
731 2485 950 2568 nobilioribus,
980 2485 1055 2551 licet
1075 2486 1203 2566 frustra,
1232 2485 1272 2549 ad
1295 2505 1421 2548 manen·

311 2567 387 2632 dum
422 2570 563 2654 invrtati,
598 2591 670 2633 cum
703 2592 822 2655 magna
849 2581 939 2657 parte
969 2571 1127 2635 exercitus
1157 2569 1315 2655 Tripolim
1354 2575 1421 2634 sunt

309 2652 453 2737 profecti,
485 2652 542 2717 ubi
573 2655 700 2719 modico
733 2666 807 2741 post
838 2663 981 2741 tempore
1016 2654 1065 2741 oy
1088 2656 1115 2718 ri
1147 2678 1206 2719 rex
1236 2653 1421 2719 adolescens

309 2747 454 2802 mortuus
477 2748 534 2803 est.
579 2736 653 2802 Alia
675 2761 749 2824 pars
771 2741 933 2804 exercitus
959 2737 1034 2824 gule
1061 2677 1244 2804 deserviens
1271 2736 1420 2802 remansit

309 2821 342 2884 in
364 2821 508 2904 Achone,
532 2844 573 2887 ex
598 2831 705 2888 ectans
726 2824 912 2909 passagium
934 2822 1072 2890 vernale.
1117 2824 1189 2888 Rex
1210 2820 1419 2887 lherosolimi·

309 2915 402 2970 tanus
425 2916 457 2971 et
479 2906 546 2971 dux
568 2845 697 2972 dustria
719 2909 827 2972 vitam.
847 2929 921 2972 cum
948 2907 1044 2973 rebus
1072 2930 1132 2994 pro
1153 2908 1294 2972 Domino
1315 2905 1419 2970 lauda·

309 2988 413 3055 biliter
441 2990 591 3073 fundens,
619 3012 692 3054 oum
721 2993 875 3078 episcopo
903 2992 1101 3057 Traiectensi
1129 3000 1161 3056 et
1182 2987 1418 3055 Monastericnsi

308 3071 441 3159 aliisque
463 3076 623 3161 episcopis
638 3086 778 3140 castrum
794 3075 983 3141 Cesariense
998 3075 1131 3142 viriliter
1145 3075 1240 3139 simul
1260 3085 1291 3138 et
1306 3072 1420 3139 utiliter

307 3156 525 3223 firmaverunt.
568 3159 742 3245 Templarii
757 3183 833 3226 vero
849 3181 923 3224 cum
937 3161 1050 3246 paucis
1068 3157 1312 3224 auxiliatoribus
1334 3179 1417 3244 pere·

308 3242 407 3327 grinis
429 3251 461 3306 et
471 3242 633 3328 Hospitali
654 3243 695 3308 de
717 3243 813 3310 domo
834 3246 1075 3330 peregrinorum
1098 3253 1234 3309 castrum
1258 3242 1334 3307 Filii
1350 3240 1418 3320 Dei,

309 3326 395 3411 quod
418 3327 492 3390 olim
506 3327 725 3410 ‘Districtum',
747 3350 832 3392 nunc
845 3327 1004 3394 ‘Castrum
1016 3329 1268 3415 peregrinorum’
1283 3350 1303 3392 a
1326 3325 1416 3413 pella-

308 3421 368 3487 tur,
403 3410 551 3476 edificare
581 3423 744 3498 ceperunt,
759 3413 861 3561 Ἰ(Ὶῖιιοά
887 3415 1027 3498 positum
1055 3422 1104 3479 est
1129 3415 1211 3477 inter
1233 3350 1364 3496 Oapbas
1390 3418 1418 3473 et

311 3493 482 3560 Cesaream
503 3499 596 3560 iuxta
617 3517 714 3561 mare.
789 3519 859 3562 erra
880 3507 987 3563 autem
1014 3498 1243 3562 circumiacens
1270 3498 1352 3560 mire
1377 3500 1418 3559 est

309 3577 491 3661 fertilitatis,
522 3590 554 3645 et
605 3590 691 3644 ortus
719 3581 933 3667 piscatoribus
965 3580 1051 3647 utilis
1085 3605 1119 3647 se
1148 3580 1305 3663 adiungit.
1356 3578 1417 3644 Nec

308 3661 477 3745 silendum,
501 3685 564 3748 quo
589 3713 596 3745 ,
626 3663 703 3728 dum
725 3676 857 3751 propter
877 3687 973 3751 agros
995 3664 1230 3730 exhauriendos
1252 3665 1417 3740 foderetur,

308 3747 457 3812 inventus
490 3756 539 3812 est
570 3771 692 3830 murus,
728 3748 787 3814 sub
825 3751 916 3815 cuius
947 3749 1155 3815 fimdamento
1187 3759 1359 3834 argentum
1390 3754 1418 3811 et

307 3832 431 3895 nummi
452 3840 578 3896 monete
600 3833 760 3898 modernis
781 3835 943 3919 incognite
965 3844 1040 3898 sunt
1059 3834 1190 3900 inventi.

505 3977 535 4040 b.
569 3975 627 4039 De
650 3975 915 4062 passionibus
936 3979 1225 4063 navigantium.

395 4075 456 4140 His
479 4077 524 4142 ita
548 4100 587 4143 ue
609 4079 643 4142 in
664 4079 807 4144 Domino
829 4079 910 4144 citra
931 4102 1019 4145 mare
1041 4090 1073 4146 et
1093 4080 1177 4146 ultra
1196 4079 1333 4146 feliciter
1354 4097 1415 4164 per·

235 4183 300 4224 1218.
311 4160 407 4239 actis,
437 4161 501 4225 iam
562 4163 682 4228 artius⁰
709 4174 824 4228 nautas
857 4174 1046 4231 evocaturus
1077 4165 1224 4231 instabat.
1275 4163 1320 4228 Et
1348 4181 1414 4228 eccs

310 4243 450 4329 populus
470 4245 604 4328 navalis,
627 4249 681 4333 qui
703 4247 790 4332 apud
812 4247 1020 4314 Ulixibonam
1042 4248 1248 4332 hiemaverat,
1271 4248 1314 4313 ad
1335 4266 1415 4311 mare

309 4349 481 4413 properare
510 4329 648 4398 festinat.
697 4332 742 4398 Et
774 4332 905 4398 consilio
937 4331 1048 4398 habito
1081 4332 1261 4398 ordinatum
1294 4342 1352 4414 est,
1385 4335 1413 4392 ut

309 4449 331 4503 a)
347 4454 417 4494 accita
433 4455 508 4494 iterun
524 4466 565 4496 scr.
582 4457 619 4496 aad
633 4457 672 4499 dcl.
689 4463 707 4498 et
723 4459 747 4498 ta
762 4471 829 4509 marc.
847 4460 897 4502 add.
913 4462 961 4501 snio
976 4471 995 4502 c.
1056 4459 1080 4514 b)
1097 4471 1148 4501 cnm
1163 4471 1181 4501 c.
1243 4458 1265 4512 c)
1281 4471 1292 4500 ι
1308 4471 1319 4500 ι
1334 4465 1414 4499 corm-
