2934 4998
325 404 380 454 260
421 402 607 456 ΟΗΒΟΝΙΟΑ
620 402 732 455 aucta
748 403 999 456 COLONIENSIS.
1020 404 1122 456 CONT.
1134 402 1182 452 1v.
1201 404 1232 453 Δ.
1244 402 1325 451 1227.
1338 398 1408 452 1228.

325 570 504 642 tenebatur.
549 571 696 657 Cumque
718 572 751 634 in
772 571 825 635 die
847 571 1189 638 beati⁸Pantaleonis¹>
1211 569 1299 634 idem
1321 569 1426 653 episeo

324 678 387 742 pus
416 666 449 722 et
477 678 585 721 eomes
608 654 792 720 Gelrensis¹
816 678 891 720 eum
924 655 1033 722 electis
1066 667 1098 720 et
1128 655 1261 721 famosis
1288 652 1426 717 militibus

222 743 432 806 rassaminus
461 751 553 806 caute
575 739 726 806 -locus
749 741 835 804 enim
866 750 951 806 totus
972 740 1146 827 paludosus
1167 751 1215 805 est
1237 777 1278 787 —
1306 748 1428 802 castrum

324 826 535 912 impetissent,
567 827 601 888 in
633 824 729 889 talem
763 824 985 892 difficultatem
1018 825 1229 904 devenerunt,
1261 823 1351 887 unde
1378 843 1429 885 uon

324 920 459 996 possent
479 909 655 996 procedere
677 931 737 975 nec
763 911 891 980 reverti,
935 913 1010 992 Quo
1032 911 1112 991 viso,
1142 910 1238 974 castri
1259 907 1429 972 defensores

326 994 431 1061 subito
464 993 702 1074 descendentes,
735 995 904 1058 universos
938 994 1221 1081 comprehendunt,
1254 993 1366 1078 episeo
1387 1013 1430 1054 um

325 1078 519 1143 cumfratre
564 1081 704 1163 reposito
719 1078 947 1144 nefandissime
962 1080 1154 1165 decapitant,
1177 1075 1307 1141 inclitos
1330 1015 1431 1139 milites

324 1161 396 1226 illos
425 1186 459 1228 se
489 1162 528 1227 de
542 1162 658 1228 endere
690 1184 755 1226 non
782 1163 940 1245 veientes,
974 1174 1084 1249 utpote
1111 1162 1178 1227 luto
1211 1184 1313 1247 supra
1342 1182 1431 1244 genua

324 1247 480 1395 detegtos,
512 1248 631 1333 partim
663 1246 883 1332 submergunt,
915 1249 1032 1334 partim
1065 1247 1238 1311 transfixos
1271 1243 1431 1309 crudebter

325 1332 396 1397 oeci
419 1342 486 1396 unt.

409 1414 534 1482 Eodem
569 1437 653 1480 anno
690 1415 792 1480 electa
833 1417 995 1502 expeditio
1037 1437 1131 1480 cruce
1167 1416 1368 1500 signatorum
1399 1412 1431 1475 ab

326 1500 476 1565 omnibus
498 1500 610 1564 mundi
631 1499 777 1587 partibus
799 1511 887 1566 mota
908 1511 1052 1565 cassatur
1074 1511 1105 1565 et
1126 1499 1314 1584 dissipatur,
1337 1496 1432 1560 Fride·

325 1584 393 1647 rico
414 1584 617 1670 imperatore,
640 1586 724 1649 sient
746 1584 869 1649 dudum
890 1588 1091 1672 promiserat,
1121 1606 1186 1648 uon
1207 1582 1432 1648 transfretante.

326 1667 380 1735 Ob
424 1691 499 1733 uam
522 1690 652 1734 causam
675 1673 695 1732 a
717 1668 783 1734 Gra
808 1673 875 1734 orio
898 1691 984 1756 papa
1005 1669 1313 1736 excommunicatur.

403 1691 484 1817 lloe
506 1774 590 1818 anno
612 1755 646 1817 in
667 1691 862 1822 Decembrie
883 1765 997 1820 ventus
1019 1753 1146 1818 validus
1172 1762 1281 1839 partes
1305 1748 1430 1815 editicio-

325 1859 414 1986 rrlrm·
432 1839 555 1919 stravit,
586 1838 717 1903 arbores
750 1838 904 1904 radicitus
938 1839 1029 1904 eruit.
1079 1838 1215 1923 Hiemps
1248 1837 1346 1899 nimis
1377 1842 1431 1897 erat

362 1942 484 1986 uvrosa.

326 1945 349 2008 p
409 2007 487 2092 Ipso
508 2027 593 2071 auno
615 2005 763 2070 dominus
781 2006 964 2072 Henricus‘l
986 2007 1104 2072 tercius
1125 2003 1247 2070 abbas*
1269 2003 1368 2086 obiit;
1390 2000 1432 2065 eui

327 2087 476 2155 dominus
498 2090 621 2176 Symon
643 2092 807 2156 suecessit.

704 2193 813 2282 A[nu0
834 2193 969 2258 Domini
993 2193 1103 2258 1228.ο

410 2275 594 2341 Fridericus
626 2278 802 2362 imperator
836 2280 964 2343 tractim
1004 2301 1063 2377 per
1100 2273 1220 2339 insulas
1252 2270 1430 2340 velificando

326 2371 460 2446 propter
481 2360 680 2426 debilitatem
703 2363 856 2448 eorporis,
879 2361 1174 2448 sieutd1cebatur],
1203 2359 1335 2423 tandem
1357 2376 1429 2420 mare

326 2446 456 2527 transit,
494 2455 525 2510 et
557 2457 747 2531 recuperata
779 2446 978 2512 Iberrrsalem
1011 2456 1042 2511 et
1074 2453 1165 2531 parte
1195 2445 1295 2508 Terre
1319 2443 1428 2519 Sancte,

326 2551 403 2592 cnm
425 2529 610 2594 Sarracenis
632 2551 733 2616 usque
763 2531 805 2595 ad
828 2543 949 2596 certum
978 2531 1150 2595 terminum
1177 2538 1311 2614 treugas
1339 2524 1427 2590 facist

327 2612 393 2677 Sed
426 2615 503 2700 quia
538 2614 631 2699 quasi
665 2614 852 2680 inobediens
891 2625 923 2680 et
958 2613 1253 2680 excommunicatus
1290 2610 1428 2687 transivit,

325 2696 446 2759 factum
479 2719 573 2761 suurn
607 2697 783 2784 Gregorius
816 2712 926 2786 papass
955 2720 1021 2763 non
1053 2699 1212 2785 approbat
1246 2719 1308 2761 nec
1339 2697 1427 2780 ipsum

325 2779 476 2845 absolvit.
520 2780 584 2846 Sed
605 2782 744 2847 reditum
767 2785 836 2848 eius
857 2794 1011 2866 metuens,
1034 2793 1151 2848 terram
1174 2803 1263 2845 suam
1286 2791 1321 2846 et
1341 2786 1428 2843 eastra

325 2885 386 2950 per
406 2863 591 2946 Iohannem,
620 2869 788 2932 socerumh
810 2869 1022 2954 imperatoris,
1052 2869 1221 2953 impugnat
1241 2874 1273 2930 et
1296 2869 1427 2948 occupat,

325 2945 474 3047 pluribus
503 2949 687 3015 civitatibus
708 2951 935 3037 Longobardie
964 2961 996 3016 et
1023 2951 1094 3016 aliis
1125 2949 1204 3015 locis
1238 2949 1299 3014 sibi
1335 2955 1427 3012 eontra

325 3042 552 3118 rmperatorem
590 3035 802 3099 confederatis
835 3048 867 3102 et
899 3035 1056 3101 auxilium
1087 3034 1261 3100 ferentibus
1294 3033 1425 3097 militare.

326 3115 479 3181 Romanis
501 3126 608 3182 autem
630 3119 816 3206 imperatori
845 3119 1083 3202 adherentibus,
1112 3140 1198 3205 papa
1226 3119 1332 3196 Roma
1352 3135 1425 3201 egre-

325 3199 413 3266 ditur
434 3213 466 3266 et
487 3200 644 3266 cautelam
668 3205 718 3267 sui
733 3203 854 3270 habens
869 3206 995 3269 Perusii
1010 3213 1160 3284 moratur,
1184 3203 1228 3267 eti
1250 3225 1311 3290 per
1332 3217 1425 3266 omnes

325 3286 509 3432 provincias
539 3284 668 3373 publice
706 3287 838 3353 mandat
869 3289 1095 3375 imperatorem
1127 3288 1425 3352 excommunicatum

350 3372 518 3452 enuntiari,
550 3371 655 3434 missis
684 3373 809 3436 nunciis
836 3381 868 3437 et
893 3374 1033 3438 maxime
1055 3370 1316 3437 Predicatoribus
1346 3367 1384 3434 ad
1401 3363 1425 3429 id

326 3474 387 3517 exe
411 3454 562 3518 nendum.
606 3454 752 3534 Quorum
774 3478 867 3539 uuus,
890 3457 995 3522 dictus
1016 3457 1093 3522 Otto
1116 3454 1287 3520 cardinalis
1310 3457 1349 3520 de
1364 3452 1426 3518 Osr-

326 3556 398 3602 eere
435 3537 593 3620 Tulliano,
614 3536 773 3624 legatione
795 3551 939 3628 accepta,
961 3543 995 3606 in
1012 3541 1224 3606 Tbeutoniam
1246 3551 1278 3605 et
1303 3539 1425 3605 Daciam

401 3737 431 3807 ³¹⁸)
451 3739 544 3791 Sancti
562 3740 735 3794 Pantaleonis
754 3741 820 3793 add.
841 3741 896 3793 01.
910 3742 936 3795 2.

325 3931 350 3985 a)
364 3932 420 3973 deest
436 3932 478 3974 Οἱ.
539 3931 563 3984 b)
580 3934 663 3975 Parth.
681 3931 713 3974 01
730 3937 825 3985 saeptas,
886 3936 907 3987 e)
924 3936 1049 3977 Decembri
1072 3941 1092 3976 et
1114 3947 1170 3986 qaae
1186 3925 1422 3987 sequentemque&

325 3995 420 4041 treugae
435 3992 492 4032 taen
506 3992 552 4032 alla
565 4004 633 4033 maara
647 3995 729 4043 scripta
743 4000 803 4048 aum,
817 3997 881 4037 initio
897 4008 918 4036 a.
929 3996 992 4040 1228.
1005 3996 1077 4044 spatio
1093 4001 1189 4044 quatuor
1203 4007 1304 4036 vamum
1318 4002 1336 4035 et
1350 3988 1424 4033 distata

326 4051 370 4090 tam
384 4061 448 4090 aare
463 4051 511 4092 Bl.
570 4051 595 4103 d)
611 4052 734 4093 Helnricu·
750 4054 792 4094 02.
852 4054 1056 4108 e)nnol).1228.
1086 4049 1422 4096 rademons-stemmata·

325 4120 391 4148 erasa
413 4110 438 4148 tn
458 4111 504 4160 Bl,
527 4116 611 4151 meast
626 4112 703 4162 01³3
727 4114 822 4162 opattam
836 4125 928 4154 vacuam
949 4114 1036 4164 reliquit
1050 4113 1104 4163 1323
1123 4113 1151 4156 Δ.
1165 4114 1194 4154 D.
1212 4115 1277 4156 1228.
1307 4110 1438 4154 retenens*

326 4169 453 4217 imperator
472 4170 542 4218 suppa
557 4171 597 4211 Fr.
664 4169 754 4222 nfeett
769 4174 811 4214 01.
821 4175 841 4214 2.
909 4170 932 4223 ε)
950 4173 990 4216 Gr.
1005 4184 1028 4223 p.
1045 4173 1060 4214 s.
1077 4184 1095 4213 s.
1113 4174 1184 4214 01.2.
1251 4172 1275 4225 h)
1291 4181 1375 4214 socrum
1388 4166 1421 4208 01·

326 4223 345 4276 t)
361 4227 437 4278 ettam,
452 4232 477 4267 at
491 4229 581 4276 videtur,
596 4241 653 4271 corr.
670 4235 693 4271 et
708 4231 728 4270 B
737 4233 757 4272 l.
818 4229 842 4282 k)
858 4242 964 4274 carcere:
979 4230 1060 4283 aittera
1074 4233 1148 4284 erasa)
1158 4231 1205 4272 Bl.

328 4405 355 4468 1)
377 4405 542 4458 casareae.
