2944 5002
159 403 310 456 omnm
328 404 486 456 RELATIO
505 404 556 454 DE
575 403 824 454 EXPEDITIONE
844 401 1057 454 nummus.
1131 402 1184 452 329

63 593 107 636 ac
129 572 275 638 sensibus
297 572 460 638 emendari
480 571 643 638 debuisset
664 571 820 636 humanis.
854 571 920 651 Qui
935 570 1186 658 contemplantes
1196 595 1261 636 rna

65 678 150 744 opus
172 658 259 722 intus
281 667 313 723 et
333 658 419 737 foris,
442 659 589 744 superius
611 667 643 722 et
663 656 806 738 inferius,
828 655 1021 736 asserebant,
1045 679 1078 721 se
1106 679 1186 721 nun-

62 763 168 891 qpam
189 740 252 806 tale
272 741 435 826 ingenium
451 764 547 829 super
561 763 661 828 aquas
676 740 716 805 de
736 739 831 826 lignis
851 739 1034 806 edificatum
1055 741 1184 808 vidisse.

106 834 196 891 terea
229 825 397 892 Sarraceni
429 848 501 890 suas
533 825 696 890 machinas
729 835 840 890 contra
871 823 966 890 talem
1004 826 1184 891 machinam

65 920 249 992 erexerunt,
271 921 368 998 ponte
387 909 527 974 fluminis
542 908 710 1009 tripliciter
730 919 762 975 et
782 919 818 974 ut
839 908 997 996 putabant
1018 909 1186 975 indissolu-

63 993 152 1060 biter
181 1004 340 1060 contexto.
391 994 456 1060 Sed
485 994 671 1060 benedictus
700 993 894 1074 Altissimus,
922 995 977 1079 qui
1010 996 1186 1081 potentiam

66 1101 162 1144 suam
184 1080 218 1143 in
239 1079 330 1144 arida
353 1079 550 1145 demonstrat
564 1089 596 1144 et
609 1101 669 1165 per
683 1078 816 1163 aquam!
832 1077 950 1142 ictibus
965 1077 1185 1143 machinarum

63 1174 249 1228 nostrarum
272 1173 497 1245 commotumt,
519 1187 578 1250 per
603 1164 794 1248 mergulum,
823 1164 878 1250 qui
899 1171 1055 1227 nocturno
1076 1161 1186 1228 labore

63 1249 128 1314 sub
157 1250 250 1334 aquis
276 1249 368 1313 fimes
394 1247 601 1313 fundamenta
650 1249 731 1312 ontis
760 1249 931 1312 retinentes
960 1247 1117 1331 sagaciter
1140 1249 1186 1311 in-

66 1332 159 1414 cidit,
187 1342 318 1421 pcntem
347 1356 458 1399 versus
487 1334 600 1397 turrim
622 1271 776 1398 dissolvit.
830 1329 925 1396 Unde
946 1331 1186 1478 properandum

64 1501 286 1567 cessionaliter
305 1501 400 1567 nudis
444 1500 538 1566 lantis
559 1524 661 1588 usque
682 1501 724 1565 ad
745 1500 869 1586 lignum
915 1437 1089 1565 dminicum
1117 1523 1187 1586 pre-

63 1589 177 1669 missa,
200 1608 274 1650 cum
296 1586 396 1652 multa
441 1584 604 1651 ‘fficultate
625 1596 657 1652 et
678 1583 820 1672 periculo
848 1584 970 1650 dictum
998 1586 1187 1650 instrumen-

63 1681 138 1737 tum
159 1670 200 1734 ad
221 1669 305 1735 latus
327 1669 513 1758 aquilonare
527 1671 622 1736 turris
637 1669 784 1735 anchoris
799 1679 831 1733 et
844 1669 972 1734 funibus
987 1668 1185 1755 applicitum,

67 1778 130 1821 sex
150 1755 371 1819 machinarum
392 1754 549 1820 terribiles
570 1756 653 1819 ictus
675 1755 827 1818 sustinuit
841 1755 1006 1818 continuos
1028 1765 1060 1819 et
1081 1752 1188 1818 iacula

107 1840 235 1904 andinis
256 1841 364 1904 instar.
407 1840 437 1903 N
440 1861 476 1905 ee
497 1841 614 1903 minori
634 1837 778 1924 periculo
799 1841 890 1903 navis
913 1859 987 1901 cum
1014 1835 1187 1920 castellulo,

92 1947 110 1988 e
142 1946 206 2010 qua
232 1926 426 1989 mentionem
455 1924 599 2005 fecimus,
621 1923 664 1987 ad
708 1923 799 1988 edem
821 1925 917 1987 turris
940 1920 1093 1987 collocata
1114 1921 1187 1987 sub-

66 2009 158 2092 stitit,
182 2009 321 2074 virtutel
341 2008 611 2074 Theutonicorum
634 2017 666 2072 et
685 1946 857 2072 l’risonum
888 2008 951 2072 ab⁰
972 2007 1046 2092 igne
1070 2005 1185 2089 Gracc,

68 2092 128 2180 qui
158 2096 281 2158 eminus
316 2103 347 2158 et
382 2094 525 2157 cominus
552 2094 688 2157 iniectus
716 2113 869 2177 pavorem
902 2092 1044 2156 incutere
1073 2093 1186 2177 potuit,

67 2199 130 2264 per
157 2176 314 2264 liquorem
342 2187 506 2244 acetosum
532 2187 563 2243 et
591 2175 739 2241 sabulum
761 2176 930 2259 extinctus,
957 2177 1104 2240 timorem
1133 2198 1186 2240 ex·

69 2263 171 2326 cussit
195 2261 237 2326 ad
264 2271 402 2348 tempus.
443 2262 547 2326 Iacuit
567 2259 749 2348 patriarcba
770 2269 948 2345 prostratus
971 2270 1044 2325 ante
1065 2258 1187 2344 lignum

70 2348 175 2410 crucis
196 2346 230 2410 in
275 2345 391 2428 uivere,
414 2355 501 2411 stans
525 2345 627 2410 clerus
649 2347 683 2409 in
703 2344 785 2410 albis
799 2344 894 2409 nudis
909 2343 1046 2430 pedibus
1060 2344 1187 2428 magnis

69 2430 207 2496 vocibus
234 2369 374 2496 clamans
402 2434 435 2494 in
466 2428 579 2494 celum.
635 2428 718 2494 Oum
753 2439 860 2493 autem
889 2431 1074 2494 extremitas
1103 2426 1188 2494 scale

71 2517 136 2579 iam
159 2517 271 2580 turrim
292 2517 371 2580 attin
395 2525 470 2596 eret,
493 2535 512 2576 a
534 2514 754 2580 defensoribus
776 2516 786 2577 i
811 2515 876 2577 sius
898 2515 982 2599 iguis
1004 2514 1191 2600 suppositus

71 2599 106 2662 in
127 2598 272 2664 flammas
294 2599 358 2664 luci
382 2623 417 2664 as
439 2600 554 2685 erupit.
608 2599 754 2684 Cumque
777 2537 940 2663 cbristiani
963 2607 1189 2663 concurrerent

71 2682 114 2747 ad
135 2686 220 2770 ignis
235 2684 485 2765 suffocationem,
501 2706 558 2747 suo
573 2683 715 2770 pondere
731 2683 836 2768 capud
851 2681 936 2747 scale
954 2682 1188 2769 depresserunt,

73 2767 153 2834 adeo
176 2780 212 2834 ut
232 2791 313 2855 pons
334 2767 498 2851 tornatilis,
515 2769 572 2854 qui
593 2769 707 2832 maiori
728 2789 874 2831 annexus
895 2769 1008 2848 dierat,
1022 2765 1189 2832 inclinare·

71 2862 133 2935 tur,
150 2864 183 2918 et
195 2854 245 2918 vir
266 2854 356 2917 fortis
378 2875 416 2916 ac
437 2853 550 2935 bonus,
567 2854 622 2938 qui
638 2855 765 2938 signum
782 2851 874 2915 ducis
886 2852 1016 2916 Austris
1031 2850 1188 2936 gestabat,

71 2948 242 3020 corrueret,
280 2936 397 3002 lorioso
412 2938 555 3002 martirio
571 2947 752 3002 coronatus.
786 2937 955 2999 Sarraceni
969 2957 1045 3000 vero
1061 2937 1188 3020 signum

70 3021 215 3088 cadentis
237 2961 386 3088 aderunt.
436 3020 598 3086 Babilonii
627 3044 661 3085 se
689 3021 805 3086 vicisse
832 3029 990 3104 putantes,
1018 3041 1114 3084 voces
1141 3021 1187 3082 in-

68 3105 257 3172 sultantium
288 3105 503 3192 geminabant.
564 3104 722 3170 inclinata
755 3102 841 3168 scala
872 3105 1013 3168 minante
1051 3104 1187 3186 ruinam,

68 3189 209 3255 flammis
225 3194 327 3256 eciam
342 3190 527 3255 terribiliter
547 3189 764 3254 crescentibus
785 3198 817 3252 et
837 3189 953 3251 nostris
972 3189 1036 3250 iam
1056 3187 1186 3251 dorsum

68 3275 216 3340 hostibus
255 3275 505 3356 ostendentibus,
544 3276 705 3340 exercitus
737 3272 982 3337 christianorum
1014 3269 1186 3357 complosis

67 3359 219 3424 manibus
239 3359 317 3425 fletu
337 3362 446 3446 rigans
467 3360 565 3424 facies
587 3368 619 3422 et
639 3357 775 3423 tundens
796 3366 928 3444 pectora
949 3355 1043 3421 etad
1070 3365 1186 3420 terram

66 3454 257 3530 prostratus,
279 3446 401 3530 Regem
422 3444 524 3530 glorie
550 3454 581 3508 et
606 3441 778 3528 gloriosam
799 3441 955 3526 virginem
998 3440 1133 3504 Mariam
1155 3450 1187 3505 et

69 3551 84 3593 s
110 3527 251 3596 ecialiter
288 3538 432 3593 sanctum
459 3527 719 3592 Bartholomeum
751 3524 998 3611 interpellando,
1030 3523 1186 3588 auxilium

69 3551 214 3678 divinum
235 3613 437 3701 precabatur.
489 3613 639 3677 Elevavit
665 3613 773 3697 itaque
795 3610 913 3674 scalam
943 3610 1052 3674 diviua
1073 3611 1186 3693 pietas,

69 3706 103 3764 et
123 3698 165 3762 ad
189 3697 398 3764 elevationem
413 3720 565 3761 manuum
587 3700 621 3761 in
643 3695 746 3761 celum
761 3696 968 3759 extinxerunt
986 3695 1094 3779 ignem
1109 3693 1186 3757 fide·

67 3782 148 3846 lium
181 3781 320 3848 lacrime.
376 3783 495 3868 Sicque
526 3782 627 3847 nostri
652 3781 824 3865 resumptis
857 3780 978 3844 viribus
1006 3787 1125 3842 stantes
1153 3778 1186 3840 in

69 3865 166 3950 scala,
189 3866 370 3932 defensores
392 3865 510 3932 turrisd
533 3865 658 3950 gladiis,
680 3864 808 3945 lanceis,
831 3865 955 3948 sagittis
978 3872 1009 3927 et
1030 3861 1099 3926 aliis
1121 3859 1186 3927 bel-

69 3951 141 4016 licis
178 3952 396 4016 instrumentis
427 3949 559 4015 viriliter
594 3952 862 4037 inpugnaverunt.
921 3946 1013 4011 Miles
1053 3944 1185 4032 quidam

69 4037 195 4100 iuvenis
217 4036 421 4101 Lecdicensis
443 4034 591 4120 dyocesis
613 4036 735 4120 primus
756 4043 876 4097 turrem
897 4031 1050 4096 ascendit.
1092 4030 1185 4094 Friso

70 4119 202 4209 quidam
216 4119 404 4188 iuvenculas
419 4119 544 4206 flagello
560 4141 704 4184 connexo
720 4126 832 4182 catena
846 4117 949 4181 ferrea
963 4115 1004 4180 ad
1020 4116 1186 4180 dexteram

64 1429 146 1497 erat,
174 1427 347 1504 antequam
375 1417 518 1504 reparari
545 1426 664 1503 posset.
715 1418 831 1502 Itaque
861 1437 921 1566 sup

969 1417 1094 1480 catione
1115 1438 1187 1502 pro-

69 4285 93 4338 s)
109 4292 246 4327 commotam
262 4299 280 4326 c.
324 4284 349 4338 b)
365 4285 473 4325 substitit.
504 4284 593 4326 Virtute
608 4295 626 4324 o.
671 4280 692 4333 c)
708 4283 740 4322 tta
755 4292 787 4332 c.,·
801 4281 838 4320 scd
852 4281 911 4320 loom
925 4285 949 4320 ut
964 4280 1048 4320 videtur
1062 4283 1186 4329 corruptas.

70 4345 93 4400 d)
109 4348 130 4390 d.
146 4351 162 4387 t.
179 4347 212 4386 ou
225 4349 335 4398 scripturn,
350 4345 387 4385 aad
400 4344 462 4385 remei
476 4344 571 4384 deletum.
587 4355 605 4389 c.
