2924 5006
271 407 324 459 166
381 404 569 459 ΟΗΒΟΝΙΟΑ
586 403 699 456 REGIA
720 402 975 457 COLONIENSIS.
994 404 1100 456 CONT.
1120 403 1245 456 allas.
1258 403 1344 455 1199.

673 575 841 629 Receasio
862 575 885 628 Ι.
907 584 931 628 et
949 575 991 626 11.

269 685 308 728 ac
330 661 515 728 fidelitatem
543 662 585 727 ab
615 663 660 727 eis
691 663 793 747 exigit
820 671 851 726 et
878 661 1009 746 accipit3
1031 682 1113 760 quae
1134 670 1242 727 tamen
1269 663 1400 729 infirma

270 758 361 812 erant
393 756 425 811 et
453 745 603 811 infidelia.
658 745 742 810 Nam
770 743 877 830 plures
905 767 947 808 ex
973 745 1074 809 eisin
1097 746 1213 830 exiguo
1239 757 1400 832 ponentes

270 830 474 914 mendacium
496 838 572 895 aut³
593 830 780 917 periurium,
803 838 913 892 contra
935 829 1161 895 conscientiam
1178 851 1271 894 suam
1285 832 1400 897 venire

270 937 336 979 non
365 913 529 996 timebant,
557 935 612 978 ore
643 912 773 999 quidem
805 922 1003 977 sacramenta
1032 922 1210 998 prestantes
1239 922 1273 978 et
1299 913 1401 980 fidem

270 1000 411 1063 iurantes
432 999 502 1082 regi
525 998 647 1079 Ottoni,
670 1019 744 1061 cum
766 1017 823 1060 cor
843 1017 955 1060 eorum
975 995 1094 1082 longel
1116 997 1157 1062 ab
1180 1019 1218 1062 eo
1236 1008 1401 1063 remotum

272 1105 347 1148 cum
379 1079 529 1167 Philippo
564 1102 640 1180 rege
671 1081 775 1166 magis
808 1089 930 1145 rectum
963 1079 1124 1144 videretur
1152 1102 1249 1180 quam
1276 1103 1399 1147 secum.

270 1167 368 1230 Venit
394 1167 492 1230 etiam
520 1164 685 1250 predictus
711 1185 770 1228 rex
799 1164 876 1229 Otto
911 1186 1022 1228 versus
1052 1163 1227 1229 saxoniam
1262 1165 1400 1232 tendens

273 1249 468 1330 Goslariam3
484 1269 555 1312 eam
571 1259 624 1314 et⁰
639 1249 820 1314 adiacentes
843 1248 988 1312 civitates
1011 1269 1198 1334 expugnare
1213 1249 1399 1335 adgressus,

274 1333 519 1419 superveniente
531 1330 680 1432 Philippo
695 1353 817 1416 rege,a
838 1331 1025 1416 propositod
1047 1353 1173 1396 cessare
1189 1343 1323 1397 coactus
1340 1343 1400 1398 est.

356 1416 529 1481 Heinricus
550 1416 709 1501 palatmus
733 1437 840 1480 comes
852 1415 964 1494 Rheni,
986 1414 1083 1480 frater
1098 1415 1224 1482 Ottonis
1245 1418 1343 1502 regis,
1367 1428 1401 1482 et

272 1499 473 1585 lantgravius
494 1521 532 1564 ac
563 1500 631 1564 dux
653 1499 840 1564 Lovaniae*
870 1499 911 1563 de
937 1497 1154 1564 lherosolimis
1183 1511 1401 1584 revertuntur,

274 1585 393 1649 infecto
423 1585 510 1647 omni
531 1585 666 1670 negocio
689 1583 776 1669 apud
798 1582 951 1648 ethnicos.

638 1672 811 1725 Recensio
831 1673 858 1725 1.
877 1673 947 1726 cod.
968 1673 1024 1722 Α2.

354 1742 563 1888 Moguntinus
586 1763 715 1826 quoque
737 1739 999 1825 archiepiscopus
1014 1739 1089 1805 inde
1103 1741 1240 1823 rediens,
1255 1742 1288 1804 in
1302 1741 1403 1806 Italia

271 1834 533 2007 moralppqhappghs
555 1930 615 1972 rex
638 1907 775 1992 Angliae
799 1906 915 1990 obiit13
939 1910 991 1971 cui
1012 1907 1109 1972 frater
1134 1930 1209 1972 suus
1236 1907 1402 1974 Iohannes

270 1992 538 2222 smoehlibtiscopus
560 2076 749 2141 Remensis¹
772 2074 860 2139 obiit.
904 2075 943 2138 In
959 2073 1064 2140 Gallia
1078 2075 1178 2140 Fulco
1199 2075 1399 2141 mirabilium

271 2169 421 2244 operator
439 2160 533 2224 vade
556 2158 660 2223 clarus
684 2158 847 2223 habetur0.
889 2159 1030 2223 Penuria
1051 2180 1195 2225 annonae
1213 2181 1342 2245 magna.

441 2243 496 2330 [2.]
546 2242 641 2306 Anno
663 2241 842 2307 dominicae
864 2243 1091 2307 incarnationis
1121 2245 1216 2309 1199.

353 2326 479 2410 Regum
503 2327 640 2425 quisque
663 2327 729 2389 suis
751 2328 785 2390 in
808 2326 954 2411 partibus
969 2326 1074 2392 natale
1092 2327 1222 2392 Domini
1243 2325 1396 2393 celebrat.

356 2409 543 2475 Constantia
570 2411 759 2495 imperatrix
788 2412 821 2475 in
842 2409 962 2496 Apulia
990 2412 1155 2494 moritur³,
1182 2410 1293 2475 relicto
1323 2433 1399 2497 par-

337 2498 366 2567 *)
385 2501 549 2552 Brabantiae
569 2500 595 2551 B
610 2501 634 2552 1.

614 2609 785 2660 Recensio
804 2608 846 2660 II.
861 2610 955 2660 codd.
975 2610 1010 2661 B.
1032 2608 1059 2661 0.

354 2683 527 2747 Mogontinus
547 2699 654 2748 quoque
674 2684 894 2754 archiepiscopus
914 2685 978 2734 inde
999 2684 1114 2750 rediens,
1140 2686 1168 2734 in
1187 2684 1269 2735 ltalia
1294 2701 1398 2736 moram

267 2761 341 2823 facit,
375 2749 508 2813 audiens
538 2748 765 2824 discordiamf,
800 2772 861 2835 que
898 2751 932 2813 in
959 2772 1058 2833 regno
1086 2761 1154 2814 orta
1181 2751 1285 2815 fuerat
1311 2752 1399 2816 inter

267 2831 453 2916 Philippum
476 2841 508 2898 et
530 2831 691 2898 Ottonem.

355 2915 535 2980 Richardus
557 2939 615 2981 rex
626 2913 763 3001 Angliae
785 2915 861 2979 dum
878 2916 1041 3002 quoddam
1064 2927 1213 2999 castrum,
1226 2917 1398 3003 Limogiae

269 2999 403 3082 scilicet,
428 3000 596 3082 obsideret,
619 3010 650 3065 et
673 2999 828 3064 circuiens
852 3011 1000 3086 quereret
1020 2999 1077 3064 ubi
1098 3001 1235 3065 assultus
1265 3012 1396 3088 oportu-

269 3083 341 3147 nius
363 3083 493 3167 faceret,
515 3083 577 3150 telo
598 3082 734 3149 letaliter
779 3086 950 3167 ercutitur3
973 3085 1058 3170 quod
1081 3107 1146 3148 non
1175 3085 1243 3170 sine
1271 3087 1396 3150 iudicio

269 3167 333 3232 Dei
354 3166 474 3232 factum
496 3167 556 3232 hoc
578 3168 674 3232 modo
697 3106 859 3253 probatur.
893 3167 1059 3253 Siquidem
1076 3170 1246 3253 episcopus
1262 3169 1396 3254 quidam

269 3251 347 3314 dum
379 3253 447 3317 sine
474 3273 572 3316 causa
599 3252 752 3316 offensam
786 3253 855 3316 eius
887 3251 1081 3333 incurrisset,
1109 3254 1143 3316 in
1164 3263 1289 3317 tanturn
1319 3277 1396 3318 eum

267 3345 454 3419 persecutus
477 3345 534 3417 est,
556 3346 592 3400 ut
614 3358 633 3400 a
654 3336 786 3420 propria
808 3335 883 3400 sede
899 3358 972 3399 eum
993 3334 1188 3413 exturbaret,
1209 3338 1394 3422 precipiens

268 3421 307 3500 ei,
336 3442 377 3483 ne
404 3420 555 3505 deinceps
584 3420 653 3484 eius
684 3418 848 3484 se-oculis
880 3419 1016 3484 offerret.
1068 3419 1127 3484 Ille
1155 3421 1290 3484 Romam
1322 3443 1395 3507 pro-

267 3524 398 3588 gressus
419 3503 461 3567 ad
482 3503 695 3589 apostolicum
722 3525 755 3567 se
786 3503 928 3568 contulit.
979 3503 1043 3584 Qui
1070 3503 1148 3568 dum
1177 3503 1317 3590 quadam
1341 3507 1394 3570 die

267 3595 387 3650 astaret
407 3585 509 3669 altari,
530 3587 601 3672 ipso
625 3596 786 3651 momento
809 3609 873 3686 quo
895 3587 1072 3651 Richardus
1103 3586 1184 3652 obiit
1209 3587 1272 3653 telo
1304 3589 1393 3655 videt

256 3670 374 3754 ipsum
395 3668 494 3734 telum
516 3691 607 3735 secus
622 3671 729 3735 altaris
745 3670 941 3756 crep1dinem
956 3670 1094 3756 lapsum,
1110 3673 1161 3736 cui
1175 3672 1269 3736 karta
1287 3672 1392 3738 fuerat

266 3755 386 3817 innexa
409 3753 585 3817 secundum
607 3753 794 3819 vaticinium
808 3753 931 3819 Merlini
948 3754 1024 3819 olim
1046 3755 1240 3841 predictum:
1265 3756 1391 3822 ‘Telum

264 3837 432 3922 Limogiae
449 3836 569 3901 occidit
589 3837 712 3902 leonem
725 3837 881 3924 Angliae'.
905 3838 959 3903 Sic
981 3848 1106 3904 mortuo
1128 3862 1205 3925 rege
1217 3840 1391 3925 Richardo,

264 3920 360 3985 frater
382 3921 450 3984 eius
472 3920 630 3985 Iohannes
652 3923 685 3985 in
707 3944 815 4006 regem
839 3921 974 4006 eligitur.

335 4011 485 4078 Episcopus
506 4038 539 4048 -
556 4039 592 4048 —
611 4027 717 4078 magna
736 4019 765 4061 at
782 4011 908 4064 Recensio
927 4013 953 4065 1.

436 4079 488 4142 28
530 4077 625 4142 Anno
647 4078 848 4142 dominicaeh
870 4081 1098 4145 incarnationis
1123 4081 1214 4147 1199.

338 4167 443 4232 Regum
463 4170 575 4235 quisque
596 4195 629 4206 -
650 4195 686 4206 -
705 4169 873 4224 absconsum.
892 4178 922 4221 ut
941 4168 1068 4224 Bccaasio
1087 4170 1111 4224 Ι.

262 4272 285 4326 a)
300 4278 386 4324 etpost
401 4286 457 4318 corr.
474 4281 515 4316 aut
530 4278 574 4319 01.
612 4278 636 4329 b)
654 4289 679 4319 rs
695 4279 764 4326 longe
781 4280 824 4322 09.
864 4278 885 4331 c)
899 4281 956 4320 deest
972 4280 1018 4323 Aa.
1057 4279 1079 4332 d)
1097 4283 1215 4332 preposito
1233 4292 1312 4323 cesare
1328 4279 1388 4335 (poet

261 4345 317 4372 rrrrr
334 4343 426 4374 cessare
442 4332 464 4384 2)
482 4335 525 4378 01.
542 4338 564 4376 2.
609 4335 630 4388 a)
647 4337 775 4378 habebatur
796 4339 840 4382 01.
857 4355 885 4375 =
901 4339 919 4390 ι’)
933 4345 983 4389 post
998 4341 1070 4392 suppl.
1087 4341 1137 4382 Br.
1189 4340 1212 4393 ς)
1229 4342 1296 4383 Ildns
1312 4352 1391 4382 annus

261 4392 322 4434 rubr.
339 4393 383 4434 02.
444 4390 468 4443 h)
484 4394 581 4435 Domini
597 4397 644 4446 013
660 4397 756 4438 Domini
772 4398 935 4439 incarnatione
952 4399 996 4441 02.
1215 4395 1217 4398 ’

264 4485 289 4555 1)
302 4504 328 4540 o.
344 4486 423 4549 1199,
443 4486 510 4553 Apr.
548 4490 577 4556 2)
593 4491 741 4548 Wlkelmus
760 4492 824 4547 obiit
843 4512 869 4548 o.
889 4495 968 4546 1202.
1007 4493 1127 4562 3)Aaao
1149 4493 1228 4559 1198,
1249 4495 1318 4547 Νου.
1339 4496 1388 4549 28.

1456 459 1457 468 r

1455 483 1457 492 r
