2934 4998
287 375 352 436 3067
418 376 596 430 CHRONICI
615 375 777 428 RHYTHM.
798 373 1039 428 COLONIENSIS
1059 371 1290 424 FRAGMENTA.

835 542 865 606 2.

482 629 554 710 Que
575 636 651 692 tunc
672 636 762 691 tanta
782 625 851 708 fuit,
874 625 960 711 quod
982 623 1024 688 ad
1045 625 1145 689 instar
1159 623 1412 710 presbiterorum

437 714 476 778 ln
498 722 632 799 peccata
653 713 718 775 ruit
739 711 850 775 crebro
873 707 1012 795 populus
1033 706 1200 772 laicorum.

437 802 528 868 Nam
552 806 663 860 contra
683 803 795 860 votum
817 793 937 858 clerum
960 793 1129 878 corrupcio
1151 802 1255 858 totum

437 882 530 945 Tunc
551 880 617 946 fere
662 878 791 960 essedit,
836 878 918 944 leros
943 899 982 941 ue
1005 899 1043 941 su
1067 876 1156 942 erbia
1177 875 1265 958 ledit,

398 982 413 1030 5
435 965 479 1030 Et
500 964 597 1029 luxus
617 975 629 1029 t
664 964 699 1045 's,
745 901 835 1049 opali
855 898 942 1048 quod
964 899 1082 1027 obinde
1103 960 1265 1042 locuntur3

439 1049 506 1114 Nec
529 1057 651 1114 secreta
672 986 764 1112 malis
786 1046 866 1121 loca,
890 1045 946 1110 sed
967 1045 1136 1110 manifesta
1155 1054 1319 1130 petuntur.

440 1139 586 1205 Ducunt
606 1153 723 1198 uxores
745 1130 873 1218 publice
891 1131 952 1279 fini
975 1130 1213 1212 canonicantur,

441 1220 543 1281 Arma
564 1217 679 1299 ferimt,
701 1237 807 1280 mores
827 1214 889 1279 laic
923 1237 957 1279 es
980 1215 1265 1292 communicantur,

440 1300 549 1366 Plebis
571 1310 715 1400 pastores
738 1298 925 1364 mulieribus
946 1299 1153 1379 associantur,

378 1401 413 1449 10
434 1385 502 1449 Nec
524 1385 602 1450 iuras
624 1407 781 1450 memores
803 1393 891 1466 sunt3
914 1405 989 1448 cure
1012 1381 1273 1481 multiplicantur.

441 1474 490 1540 1Jt
511 1477 646 1550 taceam,
669 1479 788 1554 quanta
809 1469 953 1532 fecerunt
973 1466 1117 1551 religion

441 1553 576 1617 Fetida:
598 1554 655 1618 vix
677 1561 764 1616 tanta
786 1562 934 1638 poterant
954 1549 1071 1638 glutire
1093 1549 1207 1637 gulosi,

441 1637 562 1702 Ventre
584 1637 656 1702 Deo
680 1646 791 1702 sancta
811 1637 962 1701 sedabant
982 1635 1150 1716 luxuriosi,

439 1722 568 1786 Vertice
591 1743 664 1786 cum
686 1722 795 1808 planta
815 1723 873 1786 vix
895 1729 969 1785 sunt
991 1720 1059 1785 sani
1080 1720 1203 1784 viciosi.

387 1822 420 1872 15
442 1811 523 1877 llos
545 1828 688 1870 summus
710 1807 842 1892 primus,
864 1807 920 1892 qui
941 1827 1000 1891 pro
1021 1803 1116 1869 nobis
1137 1803 1234 1868 homo
1255 1803 1362 1868 factus

441 1889 510 1971 Est,
533 1912 670 1974 magnus
691 1890 852 1970 minimus,
875 1889 1066 1954 tribularum
1088 1888 1231 1953 eliminat
1252 1899 1354 1970 actus,

442 1973 531 2038 Dum
553 1995 612 2038 nos
633 1985 804 2060 peccantes
826 1973 995 2059 purgando
1016 1996 1075 2059 per
1095 1993 1210 2058 aspera
1231 1971 1316 2036 bella

441 2057 583 2123 Attrahit
604 2068 756 2141 errantes,
776 2057 932 2123 adhibens
954 2059 1073 2144 pietate
1094 2055 1231 2142 flagella.

216 2175 283 2218 raas.
485 2160 584 2238 auid
605 2160 700 2247 plus‘l
721 2161 831 2225 iuratis
854 2161 916 2225 sibi
937 2172 1042 2246 papa¹
1066 2159 1339 2224 Theotonioorum

380 2260 415 2308 20
437 2244 572 2309 Mandat
593 2244 732 2331 prelatis,
754 2256 790 2308 ut
811 2267 884 2309 cum
907 2244 1067 2331 probitate
1088 2244 1232 2308 virorum

441 2329 601 2393 Invadant
622 2340 723 2394 artem
745 2351 803 2414 per
824 2327 899 2393 belli
921 2330 1058 2415 denique
1080 2337 1204 2413 partem

443 2413 581 2496 Cesaris,
603 2424 730 2478 austero
754 2435 815 2499 que
838 2414 935 2478 corde
958 2415 999 2478 sit
1021 2411 1117 2477 obvia
1138 2410 1240 2493 cler03

441 2498 636 2569 Defendant
657 2496 792 2562 humiles
814 2497 898 2580 fidei,
921 2499 985 2562 sint
1005 2507 1110 2561 mente
1132 2495 1251 2578 viriles,

442 2581 491 2646 Ne
513 2581 595 2646 male
618 2581 803 2667 perdantur,
826 2584 922 2646 armis
946 2605 1013 2663 sua,
1036 2603 1069 2646 se
1088 2589 1246 2660 tueantur,

380 2680 414 2730 25
437 2664 497 2730 Vel
519 2667 612 2748 bona,
635 2676 749 2749 castra,
772 2668 859 2730 viros
880 2667 999 2730 frustra
1019 2665 1188 2730 videantur
1208 2662 1340 2745 habere,

444 2749 563 2815 Hostes
585 2761 652 2815 tam
674 2750 760 2815 diros
783 2750 859 2816 fidei
882 2751 1029 2815 studeant
1049 2771 1224 2814 removere.

221 2841 286 2884 1²41·
444 2835 597 2904 Tandem
620 2832 735 2921 prelati
756 2857 815 2920 per
830 2856 955 2982 papam
977 2833 1136 2898 sollicitati
1237 2871 1241 2884 =

446 2918 500 2982 Sic
523 2918 766 3000 Germanorum,
788 2917 829 2983 be
853 2941 907 2982 um
930 2919 1078 3004 capiunt;
1100 2915 1296 3003 reliquorum

444 3002 526 3067 Sunt
548 3003 616 3068 bini
637 3000 755 3068 flores⁸
776 3003 947 3067 virtutibus
969 3002 1142 3066 anteriores

390 3102 425 3150 30
447 3087 702 3172 Magantinensis
724 3098 756 3152 et
775 3086 884 3174 presul
907 3086 1142 3169 Coloniensis23

445 3177 546 3247 (lues
568 3171 631 3236 sibi
653 3171 804 3257 pacificos
829 3170 985 3260 [habuitl]
1007 3173 1097 3257 prius
1117 3170 1200 3234 inter
1221 3169 1343 3232 amicos

447 3254 546 3319 Cesar
568 3257 714 3335 maiores,
738 3257 833 3321 modo
856 3256 954 3320 sensit
976 3278 1031 3319 eos
1052 3253 1245 3340 graviores².

446 3338 592 3419 Quorum
615 3339 753 3404 Sifridus
775 3341 898 3426 primus
919 3340 998 3404 fovit
1021 3340 1113 3426 quasi
1133 3338 1227 3402 nidus

444 3421 628 3488 Conradum
648 3433 760 3488 natum
781 3435 857 3489 tunc
878 3426 996 3490 cesaris
1018 3445 1056 3487 ac
1077 3421 1288 3511 v[eneratuml

488 3675 566 3739 Post
586 3676 644 3740 bec
665 3677 785 3741 accedo
807 3677 921 3741 nostris
943 3674 1119 3756 eventibus,
1142 3673 1201 3739 edo

223 3783 287 3824 mer.
446 3759 547 3822 Nobis
568 3761 685 3840 vicina,
707 3770 863 3846 quantum
884 3760 944 3825 fuit
964 3762 1026 3825 ista
1047 3760 1150 3822 ruina.

444 3849 589 3914 Munera
612 3865 742 3908 cesarea
764 3846 911 3910 comitem
936 3845 997 3910 sibi
1017 3843 1230 3908 Iuliacensem

386 3940 422 3989 40
444 3927 581 3992 Armant
601 3930 723 3993 interea
745 3928 836 3994 donis
858 3931 891 3993 in
914 3928 1138 3994 Coloniensem

446 4010 645 4094 Prelatum²;
666 4034 783 4098 guerra
804 4022 970 4078 vastantur
992 4023 1024 4078 et
1045 4012 1151 4076 omnia
1172 4030 1261 4092 rure,

300 4132 323 4186 ι)
339 4135 424 4176 floras?
440 4150 458 4180 c.
519 4137 542 4190 b)
559 4140 634 4180 tenuit
649 4141 681 4183 ed.
742 4137 764 4190 c)
779 4141 835 4180 duae
850 4141 919 4180 lineae
934 4141 1030 4179 abaciaco
1044 4139 1151 4178 rideatur.

303 4227 331 4295 1)
351 4229 493 4297 Greqoriua
513 4233 562 4285 IX.
607 4233 725 4287 Ia'tterae
751 4253 776 4286 a.
799 4235 880 4287 1239.
900 4234 1010 4302 intelliqi
1034 4232 1176 4295 videntum
1201 4232 1325 4294 Bostar,
1347 4233 1408 4298 lap.

296 4319 326 4368 p.
347 4303 409 4355 358.
446 4305 524 4358 Perta
541 4325 568 4373 p.
590 4310 652 4359 144.
672 4309 705 4360 da
725 4307 786 4360 aliis
806 4327 831 4360 a.
854 4310 932 4362 1241.
958 4307 1090 4376 coqiraoir.
1207 4304 1236 4372 ⁶2)
1260 4303 1300 4371 CJ.
1320 4304 1407 4358 Cir-a.

300 4393 354 4444 req.
374 4387 441 4428 cont.
467 4378 496 4430 V.
518 4397 543 4432 a.
565 4383 644 4446 1242,
664 4399 749 4448 sopra
765 4399 793 4448 p.
814 4383 876 4434 282.
