2924 5006
77 410 259 462 CHRONIOA
269 410 381 464 andra
392 409 641 466 COLONIENSIS.
662 412 764 465 CONT.
774 414 811 465 11.
822 413 855 466 A.
869 412 1058 467 ltro-1218.
1097 414 1150 466 195

119 579 324 644 Innocentius
367 600 430 665 apa
444 579 524 644 obiit
537 579 614 643 Idus
628 579 735 663 Irdii13
758 581 810 645 cui
826 578 958 667 quidam
979 581 1149 648 cardinalis

44 661 169 727 Cincius
190 664 292 728 maior
312 601 524 744 substituitrn,
546 665 639 750 eique
659 686 777 729 nomen
791 663 953 730 Honorius
974 667 1148 752 inponitur.

118 746 277 812 Iohannes
296 769 355 811 rex
365 746 590 832 Anglieobiit3
612 749 663 812 cui
681 747 766 812 filius
781 749 848 814 eius
862 748 968 814 adhuc
985 773 1067 836 puer
1079 773 1149 816 suc
1160 774 1203 816 oa.
1213 777 1249 818 ra

43 831 139 895 cessit.
182 830 336 913 Berones,
364 832 420 917 qui
441 832 525 917 patri
546 853 603 896 suo
624 831 862 915 rebellaverant,
891 834 1009 920 quique
1030 835 1072 898 ad
1093 859 1148 901 ex-

43 913 220 1000 pellendum
252 937 326 979 eum
357 938 465 1000 regem
492 916 628 981 Francia
657 916 813 981 iuniorem
841 918 875 981 in
900 917 1056 982 auxilium
1085 919 1147 984 sibi

43 999 228 1081 asciverant,
249 998 471 1064 reconciliatos
486 1000 547 1066 sibi
563 1001 597 1063 in
611 1002 747 1086 gratim
762 1002 911 1087 suscepit,
933 1022 1147 1090 processuque

43 1083 188 1169 temporis
198 1083 281 1148 adeo
294 1082 436 1166 invaluit,
455 1093 491 1148 ut
507 1084 578 1170 ipse
592 1107 702 1168 regem
714 1085 850 1150 Francis
863 1106 883 1148 a
902 1085 1020 1150 finibus
1030 1086 1147 1173 Anglie

14 1219 15 1222 ,
43 1166 251 1253 propulsaret,
285 1168 410 1254 citoque
441 1168 587 1254 fugatum
619 1169 653 1231 in
685 1169 812 1233 civitate
844 1169 981 1255 quadam
1012 1171 1147 1254 obsedit,

43 1271 128 1338 quem
150 1273 210 1338 per
232 1250 480 1316 satisfactionem
502 1274 675 1352 congruam
698 1254 733 1316 in
753 1253 927 1318 amicitiam
947 1255 1079 1341 recepit.
1158 1259 1222 1357 {9²¹}

270 1335 365 1400 Anno
387 1334 546 1401 dominice
568 1337 794 1401 mcarnationis
817 1338 909 1402 1217.
1177 1327 1218 1367 ‘²‘

115 1419 153 1483 In
174 1419 292 1484 Martio
323 1421 409 1484 etin
430 1420 516 1485 Maio
544 1422 712 1486 innumera
737 1419 909 1486 multitudo
939 1423 1146 1508 signatorum,

43 1501 90 1566 alii
102 1526 159 1589 per
172 1514 283 1587 terras,
306 1503 361 1567 alii
378 1505 519 1589 navigio,
540 1527 653 1569 versus
667 1503 907 1569 ierosolimama
928 1506 989 1571 iter
1003 1530 1045 1591 ag
1085 1509 1147 1573 essi

45 1597 117 1652 runt.
180 1587 394 1652 Ludowicus²
409 1587 606 1674 lantgravius
622 1589 701 1654 obiit
715 1590 744 1653 8.
760 1588 971 1676 IdusAprilis.
1063 1593 1146 1657 'stas
1157 1611 1211 1664 aar.
1221 1615 1242 1656 a.

44 1672 117 1734 sicca
137 1682 170 1737 et
189 1672 327 1736 nimium
347 1671 479 1737 fervida.
566 1673 692 1739 Octavo
711 1672 784 1743 Kal.
808 1672 924 1738 Octob.
939 1673 1259 1760 Engilbertussapmr.

45 1753 188 1821 Coloniel
211 1757 247 1820 in
261 1755 538 1856 archiepiscopum
560 1767 762 1822 consecratus
779 1767 827 1822 est
841 1779 861 1820 a
874 1758 1004 1822 domino
1015 1758 1145 1825 Thirico

43 1840 215 1905 Trevirensi
242 1839 500 1927 archieprscopo,
531 1840 778 1927 astipulantibus
800 1841 956 1928 Hugardo
978 1842 1147 1909 Leodiensi

44 1925 193 2023 episcopo,
224 1924 391 1990 Mindense
420 1926 583 2012 episcopo,
611 1925 863 2012 Osniburgense,
895 1928 951 2013 qui
977 1928 1074 1992 etiam
1107 1950 1146 1993 eo

44 2007 87 2072 dre
106 2009 251 2074 similiter
278 2010 312 2073 in
340 2033 357 2074 e
380 2010 527 2096 iscopum
555 2019 757 2075 consecratus
779 2019 837 2074 est.
920 2011 959 2074 In
981 2012 1146 2077 nativitate

45 2103 140 2158 sancte
160 2095 264 2158 Mario
291 2031 422 2180 quidam
447 2094 645 2179 signatorum
667 2113 741 2158 cum
764 2103 891 2159 centum
913 2095 1147 2187 quinquaginta
1155 2117 1212 2169 aar.
1222 2119 1245 2160 r.

13 2223 14 2226 ,
45 2176 167 2241 navibus
188 2178 225 2240 in
245 2187 362 2242 terram
384 2178 468 2262 regis
490 2177 746 2264 Porthegalensis
768 2178 977 2265 applicantes,
1005 2179 1046 2244 ad
1069 2180 1146 2245 civi·

45 2269 130 2324 tatem
164 2261 328 2348 quandam
365 2263 610 2326 munitissimam
645 2260 789 2326 Alkhar³
825 2262 1039 2346 devenerunt,
1083 2287 1146 2351 que

13 2345 15 2396 l
46 2343 211 2410 christianis
234 2344 334 2410 multo
355 2355 498 2431 tempore
519 2348 655 2410 nimium
683 2347 807 2426 infesta,
837 2349 977 2446 paganis
1005 2350 1145 2414 maxime

13 2397 16 2588 Ι
45 2430 171 2578 presidio
199 2430 270 2494 fuit.
320 2429 425 2512 Quam
450 2429 589 2513 fossatis,
620 2431 776 2496 machinis
804 2429 937 2518 ahisque
965 2433 1145 2498 innumera-

63 2511 148 2578 ilibus
173 2536 336 2579 armorum
363 2516 581 2579 instrumentis
610 2513 884 2580 circumvallantes
912 2536 950 2580 ac
972 2517 1071 2581 nimio
1094 2539 1144 2581 co-

14 2591 16 2624 ³
45 2606 111 2661 natu
130 2621 187 2684 per
208 2598 278 2662 dies
298 2598 453 2685 plurimos
475 2599 589 2663 acriter
609 2599 833 2686 inpugnantes,
860 2599 1001 2683 tandem,
1022 2600 1143 2666 auxilio

14 2701 15 2740 r
46 2689 71 2746 et
89 2681 215 2747 consilio
239 2683 382 2769 episcopi
403 2661 646 2749 lllixibonensis
673 2694 705 2748 et
729 2704 840 2748 eorum
861 2681 998 2748 militum
1020 2686 1076 2771 qui
1098 2685 1143 2749 di-

14 2747 16 2818 l
46 2775 147 2830 cuntur
160 2766 200 2832 de
216 2765 341 2843 Gladio,
363 2768 397 2830 in
416 2766 497 2832 festo
518 2765 735 2867 apostolorum
751 2766 902 2853 Symonis
924 2778 956 2834 et
970 2768 1051 2833 lude
1073 2791 1144 2835 eam
1155 2799 1244 2843 oasa.

47 2861 193 2934 ceperunt.
237 2848 330 2915 Multi
351 2851 398 2917 ibi
420 2874 461 2916 ex
483 2850 672 2933 chnstianis,
694 2862 743 2916 set
763 2849 863 2916 multo
877 2850 971 2937 plura
992 2851 1080 2918 milia
1101 2875 1143 2918 ex

46 2936 164 3019 paganis
196 2932 390 2999 ceciderunt.
475 2935 601 3000 Eodem
637 2958 721 3000 anno
762 2935 925 3001 christiani
962 2937 1017 3023 qui
1048 2937 1144 3001 Acris

47 3019 239 3084 morabantur
267 3017 397 3083 consilio
423 3017 679 3120 Templariorum
708 3030 740 3084 et
769 3041 879 3084 eorum
905 3021 963 3106 qui
988 3031 1078 3085 erant
1103 3021 1143 3085 de

47 3098 127 3166 domo
147 3103 251 3167 sancti
264 3102 414 3167 Iohannis
428 3103 567 3190 baptiste
583 3125 656 3168 cum
670 3103 872 3169 multitudine
892 3104 1023 3168 navium
1032 3126 1143 3170 versus
1154 3128 1219 3168 rara.

14 3213 15 3258 3
48 3183 191 3252 civitatem
203 3186 420 3251 firmissimam
430 3186 645 3272 Damiatam⁰‚
660 3188 716 3255 ubi
727 3186 819 3252 Nilus
834 3188 915 3252 mari
928 3186 1034 3254 influit
1048 3211 1144 3275 supra

14 3263 15 3356 l
47 3264 109 3333 litus
129 3272 226 3335 maris
248 3271 351 3354 sitam,
380 3271 585 3358 applicantes,
613 3274 727 3337 turrim
756 3271 917 3358 quandam
943 3295 985 3337 ex
1006 3272 1141 3337 adverso

14 3363 15 3378 ³
48 3354 169 3436 positam
203 3356 328 3439 magnis
361 3355 540 3442 sumptibus
568 3357 754 3444 ingentique
788 3355 898 3421 labore
929 3377 968 3420 ao
999 3355 1141 3442 periculo

48 3435 202 3503 multorum
225 3439 448 3525 inpugnantes,
469 3439 599 3505 tandem
619 3441 765 3506 viceramt
780 3450 820 3516 et,
842 3461 882 3503 ne
903 3439 986 3504 ultra
1000 3440 1142 3505 christia—

14 3515 16 3606 }
49 3519 88 3583 nis
112 3522 325 3610 inpedimento
346 3524 436 3606 foret,
465 3534 590 3610 captam
619 3523 779 3590 solotenus
802 3523 1003 3607 deiecerunt3
1032 3525 1141 3611 sicque

14 3607 16 3642 l
48 3615 108 3686 post
134 3617 261 3694 tempus
293 3605 415 3692 aliquot
443 3607 551 3672 Nilum
579 3607 711 3674 fluvium
740 3618 949 3690 transeuntes,
979 3608 1013 3672 in
1045 3631 1143 3674 manu

15 3731 18 3748 .
50 3686 138 3754 valida
163 3702 194 3757 et
220 3693 381 3757 exercitu-
389 3693 520 3777 copioso
548 3695 559 3758 i
585 3714 653 3757 sam
676 3693 840 3758 civitatem
860 3691 1064 3757 Damiatam⁶
1087 3693 1142 3757 ob-

51 3770 169 3840 sidentes
189 3775 417 3841 munitionibus
439 3715 744 3843 circumdederunt

267 3859 361 3925 Anno
383 3861 542 3927 dominice
563 3861 789 3926 incarnationis
813 3859 905 3924 1218.

120 3941 193 4008 Otto
221 3944 394 4029 imperator
421 3945 502 4011 obiit
532 3946 581 4011 14.
606 3944 679 4008 Kal.
706 3945 791 4009 Iunii
820 3942 909 4030 apud
929 3944 1246 4031 Arcenburg⁴raa1a

15 4099 16 4104 ἵ
52 4015 126 4088 fluxu
145 4028 317 4114 sanguinis.

54 4178 71 4230 ι)
83 4183 224 4231 ierosolimam
238 4190 287 4233 Aa
318 4188 342 4244 b)
356 4188 422 4234 Golo'
438 4191 487 4234 Ar.
518 4189 670 4244 c)Damatam
686 4191 734 4232 At.
765 4187 789 4243 d)
805 4190 1140 4233 caemoircomderuntrlt.

56 4311 78 4378 l)
93 4317 115 4368 d.
131 4320 231 4374 luna.
251 4323 321 4378 obiit.
360 4321 505 4390 atroam:
524 4325 704 4377 Hermannns.
750 4321 780 4390 3)
794 4318 926 4386 Altam,-
943 4323 976 4389 cf.
993 4322 1064 4376 Orat.
1079 4323 1139 4377 111.

56 4391 226 4448 “relationem
244 4398 319 4464 infra
338 4396 443 4450 editam.
518 4398 548 4465 4)
566 4398 720 4466 Haraburp.

847 4481 911 4546 13*
