2924 5006
102 379 297 434 CHRONIOA
315 382 429 436 REGIA
448 381 700 435 OOLONIENSIS.
722 381 827 435 GONT.
839 382 892 434 111.
912 382 945 436 A.
961 383 1039 435 1203.
1091 383 1143 435 20⁹

411 553 579 608 Recensio
597 553 622 607 Ι.
642 562 672 606 ct
691 554 739 607 11.

19 636 207 703 flandriae
223 649 251 705 et
266 641 446 704 Hineirau⁸
468 664 580 722 comes,
603 643 872 728 consanquineus
887 651 917 706 ct
923 641 1036 725 fidelis
1051 665 1141 727 suus,
1153 666 1218 708 120⁴.

21 745 143 788 omnem
166 724 402 790 beatitudinem
424 726 509 790 uitae
531 747 615 811 quae
643 749 732 790 nunc
762 735 807 790 est
828 725 1015 809 etfnturae.
1062 726 1142 794 Cum

22 807 228 872 christianae
249 809 422 895 reliqionis
454 808 529 890 zelo,
552 811 648 874 immo
670 818 699 872 et
720 819 851 874 nostrae
873 810 1011 894 speciali
1033 833 1141 876 amore

17 912 199 978 personae,
232 915 316 978 quae
338 895 430 958 circa
459 916 519 957 nos
543 902 690 978 equatur
709 895 897 978 paternitas
922 903 1031 958 uestra
1058 898 1141 960 seire

21 974 190 1058 desideret,
214 978 384 1042 serenitati
410 986 535 1042 uestrae
565 976 802 1042 declarandum
834 1000 899 1042 esse
932 977 1140 1060 decrevimus,

23 1081 116 1143 quam
146 1062 239 1125 mira
273 1063 364 1125 circa
393 1082 453 1126 nos
480 1084 545 1125 usa
577 1063 620 1125 sit
648 1061 767 1126 divina
792 1061 962 1126 clementia
988 1063 1140 1144 nouitate,

24 1163 180 1228 quamque
204 1168 272 1209 non
294 1145 387 1209 nobis
408 1146 549 1230 quidem,
565 1146 621 1210 sed
636 1147 764 1210 nomini
778 1168 836 1210 suo
851 1145 995 1231 qloriam
1018 1146 1143 1211 dederit

23 1227 166 1291 omnibus
194 1227 313 1293 seculis
343 1229 589 1294 admirandam.
633 1228 843 1294 Mirabilibus
871 1232 943 1295 eius
970 1232 1062 1294 circa
1082 1253 1141 1295 nos

23 1332 140 1397 semper
162 1312 376 1377 mirabiliora
398 1313 585 1395 succedunt,
614 1322 650 1376 ut
676 1315 773 1376 etiam
793 1312 980 1396 infidelibus
1006 1314 1142 1379 dubium

25 1417 172 1460 essenon
196 1397 319 1479 debeat,
343 1401 424 1483 quin
446 1419 566 1462 manus
581 1397 719 1462 Domini
741 1407 892 1497 operetur
914 1399 992 1462 hacc
1016 1401 1138 1480 omnia,

25 1502 87 1542 cnm
107 1478 217 1544 nichil
239 1490 408 1566 speratum
430 1485 452 1544 oi
474 1481 567 1545 nobis
590 1490 648 1544 aut
662 1504 836 1566 provisum
859 1491 934 1545 ante
955 1484 1139 1568 contiqerit,

27 1563 75 1626 sed
95 1573 173 1629 tunc
203 1566 332 1630 demum
360 1588 447 1629 noua
475 1565 568 1629 nobis
590 1565 754 1628 Dominus
777 1569 977 1650 procurarit
998 1567 1139 1647 auniiia,

27 1669 90 1710 cum
110 1649 218 1713 nichil
240 1651 379 1713 humani
392 1650 557 1714 rideretur
577 1671 745 1734 superesse
759 1649 899 1714 consilii.
935 1650 978 1712 Et
1000 1651 1139 1734 qnidam,

28 1732 52 1794 si
62 1731 132 1796 bene
143 1735 363 1815 mem-inimus,
369 1755 432 1819 per
442 1732 568 1798 litteras
573 1735 775 1819 paternitati
785 1743 909 1797 uestrae
924 1736 1140 1798 transmissas

29 1817 122 1878 nostri
160 1839 337 1903 roqressus
359 1827 387 1881 et
402 1827 506 1880 status
520 1819 746 1882 narrationem
763 1838 798 1881 eo
814 1839 915 1901 usque
930 1817 1139 1900 deducimus,

29 1907 66 1979 ut,
86 1839 163 1965 ardis
180 1901 352 1986 populosa
374 1911 472 1984 capta
494 1901 649 1966 uiolenter
672 1924 694 1965 a
710 1902 842 1986 paucis,
865 1911 1008 1986 tyranno
1013 1901 1139 1988 fuqato

31 2005 63 2046 ac
75 1983 147 2064 filio
167 1985 367 2070 Tyrsaciriib
390 1985 507 2049 Alenio
530 1993 694 2064 coronato,
724 2006 818 2049 mora
840 1994 954 2049 nostra
972 1988 1140 2070 promissa
1186 1995 1189 2001 '

24 2065 102 2149 foret
122 2078 150 2132 et
173 2071 336 2134 ordinata
353 2093 417 2154 per
437 2070 580 2150 hiemem,
613 2078 649 2132 ut
696 2078 814 2133 otenter
844 2072 1078 2153 optinerentur,
1110 2072 1141 2134 si

32 2152 81 2233 qui
98 2155 249 2217 resistere
264 2153 461 2218 uidebantur
475 2152 602 2218 Alexio.
638 2092 785 2217 Binum
805 2154 940 2217 breuiter
961 2155 1141 2219 narranda

32 2238 108 2298 susci
131 2239 219 2301 imus
242 2260 325 2323 quae
347 2239 437 2301 eirca
453 2260 513 2301 nos
521 2245 641 2322 postea
662 2238 878 2321 eontiqerunt,
901 2260 936 2302 eo
953 2247 1139 2322 prenotato,

33 2339 85 2400 qno
110 2368 117 2399 ,
138 2323 225 2385 sicut
247 2343 314 2386 non
338 2343 439 2406 opera
461 2322 627 2385 hominum
639 2320 740 2403 fuere
762 2320 819 2384 sed
839 2321 906 2385 Dei
920 2345 1011 2469 ,quae
1027 2320 1140 2394 Grecis

34 2403 209 2487 intulimus,
243 2407 293 2470 ita
325 2429 390 2470 non
422 2405 588 2469 hominum
627 2427 728 2489 opera
755 2403 858 2487 fuere
885 2427 918 2468 se
970 2406 1140 2471 demonum

34 2505 107 2568 quac
140 2512 214 2552 cum
248 2491 292 2553 im
318 2499 444 2554 oratore
476 2511 558 2554 nouo
589 2485 754 2574 Gresoque
779 2511 845 2573 per
880 2489 991 2553 omnia
1019 2487 1141 2555 Gresia

35 2569 114 2635 nobis
144 2594 184 2636 erc
210 2597 279 2659 per
304 2574 363 2636 dia
396 2583 550 2638 consueta
581 2573 740 2637 retribuit.
790 2573 863 2636 Nos
895 2573 1062 2659 siquidem,
1100 2597 1140 2638 ne

35 2653 209 2721 discordiae
222 2657 374 2741 fomitem
397 2659 482 2720 inter
503 2679 563 2722 nos
585 2667 614 2719 et
629 2655 749 2720 Grecos
770 2657 974 2721 ministraret
995 2658 1139 2722 moribus

35 2741 141 2802 nostris
164 2741 307 2806 aduersa
329 2741 508 2821 barbaries,
535 2741 574 2805 de
597 2743 726 2805 ciuitate
748 2750 908 2822 exeuntes,
939 2763 979 2804 ea
1002 2742 1140 2808 aduerso

36 2821 162 2888 civitatis
194 2827 409 2892 interiacente
432 2834 535 2910 portu
568 2824 613 2888 ad
640 2846 754 2909 preces
789 2826 1000 2909 imperatoris
1029 2835 1141 2890 castra

35 2909 211 2990 posuimus,
228 2919 258 2972 et
272 2931 312 2973 eu
325 2913 506 2994 insperato,
521 2931 578 2972 seu
594 2909 713 2972 innata
727 2907 872 2989 malicia,
895 2931 952 2972 seu
964 2907 1142 2974 Grecorum

38 2988 173 3057 seductus
189 2993 350 3078 perfidia,
373 2994 482 3057 animo
504 2992 625 3057 recedit
646 2992 779 3056 duobis
800 2994 856 3056 cui
876 3001 972 3056 tanta
986 2992 1143 3074 beneficia

39 3072 229 3141 contutimus.
273 3077 349 3162 Ipse
371 3078 461 3141 enim
478 3077 515 3139 in
537 3076 704 3141 omnibus⁰
727 3099 799 3141 cum
808 3084 918 3160 patre,
935 3078 1141 3161 patriarcha

39 3158 151 3222 etmolc
172 3160 332 3227 nobilium
353 3160 446 3225 nobis
464 3162 647 3287 promissis
669 3162 831 3245 periurus
860 3174 887 3222 et
912 3157 1065 3241 mendac,
1096 3169 1141 3225 tat

40 3237 166 3308 incurrit
183 3247 341 3330 periuria
367 3244 456 3330 quod
505 3244 598 3308 nobis
621 3245 767 3328 prestitit
797 3245 994 3308 iuramenta.
1051 3244 1143 3308 Unde

40 3332 133 3390 nostro
154 3329 287 3393 tandem
317 3329 487 3393 destitutus
516 3327 655 3406 arcadio,
678 3327 793 3412 prelia
815 3335 930 3392 contra
959 3348 1019 3391 nas
1040 3329 1140 3392 medi-

40 3410 116 3470 tatur
144 3414 312 3477 ineassum
339 3422 367 3477 et
394 3415 535 3499 naviqii,
566 3413 653 3497 quod
675 3434 746 3476 eum
776 3410 964 3474 adduaerat
992 3419 1021 3475 et
1041 3410 1141 3476 subli-

42 3505 170 3558 maverat
203 3498 249 3562 ad
281 3519 446 3577 coronam,
479 3505 641 3582 procurat
670 3495 846 3574 incendia,
884 3494 941 3558 sed
970 3503 1042 3559 uoto
1076 3506 1143 3559 tam

43 3575 158 3658 crudeli,
179 3581 251 3645 Deo
274 3604 333 3646 nos
349 3590 548 3666 proteqente,
568 3579 778 3664 fraudatur,
804 3577 848 3660 fit
875 3599 962 3661 pars
990 3601 1054 3642 sua
1077 3601 1142 3664 per

45 3669 144 3723 cuncta
173 3665 325 3745 deterior,
361 3673 391 3728 et
422 3665 588 3728 hominum
621 3685 754 3728 suorum
787 3662 889 3742 cedes,
924 3663 1082 3728 incendia
1114 3671 1143 3725 et

45 3744 169 3884 rapinae
185 3751 398 3832 proueniunt.
440 3747 623 3812 Inminente
643 3747 737 3832 foris
763 3768 897 3832 puqna,
929 3748 1021 3811 intus
1050 3748 1141 3810 timo-

45 3840 70 3882 n
87 3846 121 3888 us
141 3841 318 3914 coartatur,
340 3834 568 3916 imperatorem
589 3832 619 3894 ei
640 3830 778 3895 emulum
792 3829 997 3914 parantibus
1020 3828 1145 3910 Grecis,

46 3923 77 3965 ta
101 3917 261 3980 occasione
290 3925 435 4000 captata,
465 3915 553 4001 quod
581 3914 707 3979 nulium
734 3913 780 3976 ad
810 3911 974 3978 ancilium
996 3923 1144 3978 nostrum

46 3984 152 4058 deberet
180 3998 295 4064 habere
323 3999 527 4100 sonfuqium.
578 3997 718 4083 Cumque
749 3997 852 4061 eidem
881 3997 1043 4062 evadendi
1070 4020 1144 4082 spes

49 4075 133 4139 unica
151 4092 283 4149 restaret
303 4088 340 4149 in
362 4083 463 4166 nobis,
485 4086 633 4148 iuratum
650 4081 714 4146 sibi
729 4081 892 4167 quendam
907 4080 1143 4166 Marchuflum⁸

49 4161 167 4244 nmine,
196 4170 359 4254 sanquine
381 4169 445 4232 sibi
461 4168 702 4251 propinquum,
735 4165 774 4228 de
803 4187 867 4250 quo
889 4185 957 4248 pro
980 4164 1143 4246 beneficiis

52 4308 70 4360 ⁸)
83 4315 188 4367 fflmhun
200 4340 256 4373 corr.
272 4331 390 4373 Hinchaut
405 4331 447 4373 01.
500 4328 525 4381 b)
541 4329 627 4370 Inachii
640 4329 722 4378 Bouq.,·
737 4328 753 4368 t.
763 4328 789 4366 Τ.
806 4324 916 4368 tandm.
970 4327 991 4377 o)
1009 4327 1075 4368 nobis
1091 4339 1142 4378 pro·

53 4372 342 4432 multimammiam.
404 4389 428 4442 d)
444 4391 476 4429 ita
490 4389 552 4429 codd.
613 4386 868 4439 numantinos.

868 4457 909 4520 14
