2942 4998
320 367 510 420 CHRONICA
529 369 643 420 Ruols
663 370 915 424 COLONIENSIS.
1117 376 1186 427 XIX

61 559 219 622 mapnam
235 545 369 621 partem
395 559 436 600 ea
465 535 682 603 relationibus
705 547 812 603 sumta
841 551 928 622 snnt,
958 563 1042 625 quac
1070 544 1183 607 etiam-

61 643 139 686 num
160 622 199 684 in
221 621 388 685 codicibus
411 622 488 686 olim
509 621 545 687 S.
568 623 783 688 Pantaleonis
806 633 945 706 constant,
975 629 1134 728 anonpmi
1155 637 1187 690 et-

66 703 192 770 Olioeri
206 704 402 771 scholastici.
444 706 535 770 Haec
554 715 670 791 postea
692 707 811 772 addita
833 731 909 790 esse,
931 710 1106 775 verisimile
1128 720 1182 774 est.

60 789 142 853 Inde
166 789 206 853 ab
223 812 254 852 a.
275 789 366 853 1220.
379 801 388 834 ¹
413 788 500 853 alius
516 800 552 853 ut
566 790 696 854 uidetur
709 791 810 855 huius
825 793 971 858 coenobii
983 795 1185 858 monachns²

61 873 234 938 historiam
263 875 301 936 in
328 875 402 957 ipso
424 875 533 938 codice
554 874 619 938 Bl
649 877 865 956 continuavit,
899 900 992 962 quem
1017 878 1184 943 scribendi

60 959 149 1022 ratio
172 980 240 1021 non
261 957 354 1021 semel
374 967 501 1022 mutata
532 967 562 1020 et
588 959 703 1044 plures
731 961 971 1025 emendationes
1000 963 1108 1026 eodem
1134 961 1186 1026 nel

61 1063 179 1106 coaeno
202 1041 330 1106 calorem
343 1040 461 1125 factae
488 1044 557 1106 iam
580 1044 827 1130 autoqraphum
848 1045 1021 1126 indicant,
1051 1056 1080 1111 et
1100 1049 1182 1130 quin

62 1128 191 1190 codices
214 1125 244 1191 C
270 1126 333 1189 hac
364 1136 463 1210 parte
483 1126 537 1190 sab
570 1129 645 1212 ipso
679 1127 879 1211 pendeant³‚
916 1152 983 1194 non
1013 1140 1058 1194 est
1093 1131 1185 1214 quod

61 1210 275 1276 dubitemust.
304 1208 421 1283 Quae
453 1233 526 1274 cum
558 1213 607 1274 ita
634 1213 710 1286 sint,
743 1211 909 1297 exemplar
942 1215 1029 1300 quod
1060 1215 1095 1278 hi
1126 1236 1180 1277 cn-

56 1297 215 1378 primunt
244 1295 302 1358 hoc
335 1294 404 1359 loco
432 1295 584 1376 desiisse,
615 1297 652 1358 in
681 1296 747 1358 Bl
778 1319 871 1374 uero,
907 1301 1093 1362 recensione
1121 1298 1183 1362 illa

60 1380 194 1459 reiecta,
225 1378 363 1444 alteram
385 1401 450 1443 esse
472 1377 651 1463 confectam
680 1389 710 1444 et
729 1380 808 1445 inde
838 1380 880 1444 ab
903 1404 934 1444 a.
958 1381 1050 1446 1220.
1079 1384 1180 1446 conti-

60 1465 253 1528 nuationem
281 1465 436 1546 temporis
469 1463 608 1527 slecmsu
642 1463 802 1544 additam,
836 1486 935 1549 quam
961 1464 1013 1530 illi
1044 1466 1119 1549 (nel,
1147 1475 1186 1529 utv

59 1549 181 1611 rectius
204 1547 365 1626 dicamus,
389 1548 586 1634 archetypus
608 1548 755 1612 codicum
780 1547 819 1630 0)
841 1553 1032 1634 receperint,
1055 1559 1181 1614 statua-

59 1653 132 1696 mus
148 1639 280 1715 oportet.
318 1629 383 1704 Qui
393 1633 526 1716 primus
542 1631 857 1718 annalesproduon‘t
871 1633 1019 1698 derebus
1034 1633 1183 1718 publicis

54 1738 182 1800 parum
211 1716 326 1779 habuit
355 1725 551 1802 compertam
583 1725 612 1780 et
642 1715 682 1779 ab
714 1717 882 1782 erroribus
908 1719 1041 1782 minime
1062 1721 1184 1783 cunitt.

58 1799 171 1864 Annis
192 1822 269 1864 nero
286 1799 377 1863 1224.
392 1823 458 1885 sqq.
474 1823 526 1865 res
548 1803 738 1865 accuratius
754 1811 831 1864 sunt
847 1804 1015 1887 conpositae
1036 1812 1066 1866 et
1079 1801 1183 1866 multa

58 1885 217 1948 samaria
243 1883 339 1947 valde
361 1885 468 1970 dipna
489 1885 626 1966 tradita,
650 1887 850 1971 praesertim
875 1895 1022 1969 tempora
1050 1895 1080 1950 et
1107 1896 1183 1950 acta

21 2019 29 2032 .
57 1967 246 2054 Eupilberti
268 1969 510 2054 archiepiscopi
530 1968 710 2033 luculenter
732 1970 908 2054 descripta.
955 1968 1066 2044 Quare
1095 1972 1182 2034 inter

54 2054 299 2138 pretiosissima
321 2053 478 2117 historiae
493 2056 633 2138 patriae
659 2062 867 2118 monumenta
896 2054 982 2118 hanc
1006 2054 1181 2118 annalium

54 2147 188 2221 partem
208 2145 291 2200 recte
312 2136 497 2221 referebant
518 2139 711 2223 quicumque
739 2139 783 2201 iis
808 2140 863 2202 usi
885 2148 971 2202 sunt.
1014 2143 1063 2201 Ae
1084 2161 1126 2203 no
1153 2149 1186 2202 et

60 2230 157 2288 cauto
180 2223 309 2285 animo⁶
334 2231 491 2302 auctores,
514 2224 545 2286 si
565 2231 674 2286 tamen
683 2221 802 2308 plnres
814 2221 992 2306 fuerunt',
1014 2163 1183 2288 deh'ride-

58 2307 131 2369 rico
143 2307 350 2390 imperatore,
363 2306 521 2370 Heinrico
536 2328 623 2391 repe,
635 2307 784 2370 Honorio
794 2304 992 2392 etGreporio
1000 2303 1056 2370 IX.
1064 2309 1181 2392 papis,

62 2389 218 2456 Conrado
231 2389 467 2474 Marbnrpensi
478 2390 618 2476 aliisque
629 2393 700 2454 eius
714 2393 869 2476 temporis
879 2393 963 2455 uiris
974 2391 1184 2472 iudicarunt,

59 2474 150 2540 iusta
172 2475 229 2538 ira
250 2476 387 2540 nonnisi
407 2474 592 2560 Eupilberti
621 2475 867 2560 archiepiscopi
895 2477 1078 2541 homicidas
1101 2497 1179 2559 pcr-

59 2559 174 2623 secuti.
221 2555 288 2632 Qut
320 2581 426 2622 annos
458 2559 676 2627 1231)-1237.
708 2561 844 2644 copiosa
876 2561 1072 2624 narratione
1104 2557 1179 2624 illu-

61 2755 89 2823 1)
110 2757 180 2808 Ante
205 2757 276 2808 hunc
300 2774 401 2808 annum
425 2758 539 2812 codicem
562 2759 616 2810 Bl
650 2775 705 2810 csse
734 2759 889 2824 confectum,
920 2757 983 2810 inde
1014 2757 1183 2826 intellipitur,

59 2830 131 2896 qnod
151 2831 244 2881 tabula
260 2831 432 2899 penealopica
446 2849 477 2896 p.
498 2833 562 2884 226.
591 2839 652 2884 ante
670 2831 828 2884 Heinricum
847 2831 872 2883 Ι.
898 2830 1000 2884 inserta
1019 2831 1074 2882 iam
1088 2831 1182 2897 prima

59 2921 143 2955 manu
157 2903 271 2955 continet
285 2903 453 2958 [thidericum
466 2905 508 2958 ΙΙ.
520 2904 713 2971 imperatorem,
734 2905 820 2958 altera
837 2921 899 2957 uero
909 2903 1066 2957 Heinricum
1083 2905 1182 2968 (VII.)

60 2977 139 3028 addit
170 2993 266 3046 repem-
341 2976 369 3044 2)
392 2977 537 3039 Quominus
569 2979 681 3030 cumdem
712 2979 857 3030 habeamus
890 2977 935 3044 qui
963 2997 990 3029 a.
1018 2978 1097 3029 1200.
1123 2995 1180 3044 sqq.

59 3051 176 3116 scripsit,
208 3051 287 3101 etiam
310 3067 340 3102 eo
363 3051 531 3116 impedimur,
559 3053 629 3118 quod
648 3053 802 3119 Albipcnscs
829 3049 884 3102 inm
908 3069 962 3104 non
979 3045 1105 3120 Bepqini,
1134 3051 1181 3103 sed

60 3123 188 3176 haeretici
212 3123 375 3176 Anionenses
399 3133 423 3176 et
452 3125 577 3177 Tolosnni
601 3125 729 3176 dicuntur
754 3143 779 3176 a.
807 3125 887 3175 1225.
932 3124 1017 3176 Verba
1046 3142 1071 3176 a.
1095 3124 1180 3176 1225:

60 3201 131 3250 sieut
150 3198 262 3249 historia
287 3198 367 3248 docet
388 3198 508 3263 priorem
534 3200 674 3251 chronicae
695 3207 801 3266 partem
825 3196 954 3249 indicant.
1030 3199 1060 3264 3)
1080 3197 1115 3248 In
1135 3215 1180 3249 erc·

59 3271 155 3337 cerptis
175 3288 209 3322 eoo
224 3269 324 3322 Otineri
342 3271 453 3336 epistola
472 3270 706 3338 Ononnumquam
725 3269 857 3324 meliorem
877 3271 1011 3322 lectionem
1028 3279 1181 3335 seruansnt,

59 3343 120 3397 ideo
141 3344 176 3395 ab
196 3362 221 3396 a.
242 3345 346 3395 demum
368 3345 448 3396 1220.
469 3362 502 3397 cu
516 3346 603 3398 codice
618 3346 645 3398 B
656 3347 669 3395 l
677 3347 826 3414 fluaerunt.
902 3342 932 3410 4)
951 3343 1038 3396 Verbo
1057 3361 1083 3395 a.
1099 3344 1180 3395 1229.

55 3426 119 3484 post
136 3425 168 3468 ut
186 3424 282 3483 postea
300 3420 388 3483 patuit
412 3418 441 3468 in
459 3419 510 3470 Bl
532 3420 561 3470 in
579 3420 706 3487 inferiore
724 3417 843 3484 marpine
867 3417 976 3468 addita:
1003 3420 1067 3482 quis
1093 3418 1182 3484 culpis

59 3494 115 3543 suis
143 3492 312 3556 exigentibus
343 3493 512 3558 postmodum
539 3509 555 3542 a
581 3493 678 3544 domno
710 3507 783 3559 papa
810 3492 906 3541 missus
938 3495 980 3542 est
1005 3492 1034 3540 in
1067 3505 1180 3542 caveum

59 3564 89 3615 in
110 3564 133 3615 0
151 3563 325 3627 transieromt,
350 3581 434 3630 neque
452 3565 509 3617 illic
527 3583 560 3617 eos
579 3565 619 3618 his
633 3572 730 3631 postea
749 3565 873 3631 suppleta
901 3580 955 3616 esse
975 3563 1115 3632 probabile
1133 3572 1180 3616 est.

60 3637 150 3699 Qum
165 3637 287 3703 plurima
306 3636 367 3688 aliis
387 3639 470 3690 erasis
489 3639 518 3690 in
537 3638 565 3689 B
575 3641 588 3688 l
615 3640 716 3704 scripta
734 3637 813 3691 ctiam
833 3635 1014 3703 Gpraebent,·
1037 3655 1100 3688 roro
1121 3645 1180 3688 tan·

59 3719 116 3762 tum
134 3719 245 3763 seruant
263 3728 332 3777 quae
350 3712 379 3762 in
397 3711 443 3764 ilio
458 3721 521 3778 post
540 3713 628 3765 deleta
646 3722 723 3773 sunt,·
743 3729 765 3764 e.
783 3729 824 3778 pr.
846 3728 871 3760 a.
893 3711 977 3774 12333
997 3713 1039 3762 oet
1058 3711 1179 3762 omittunt

1 3795 2 3806 ¹
53 3792 118 3852 post
144 3785 250 3848 addita,
279 3801 304 3836 α.
333 3785 412 3838 1237,
512 3785 542 3852 b)
570 3785 642 3838 Satis
667 3785 760 3838 acerbe
788 3783 891 3835 iudicat
914 3783 1054 3837 Lehmann
1076 3801 1107 3850 p.
1128 3787 1179 3834 64:

58 3857 147 3920 ‘Quae
167 3858 205 3909 ad
222 3875 265 3909 res
280 3858 388 3923 patrias
403 3858 539 3924 pertinent
564 3869 612 3910 aut
623 3861 703 3925 falsa
722 3865 769 3909 aut
786 3857 918 3910 uilissima
935 3859 1014 3909 sunt'.
1089 3858 1118 3923 6)
1139 3855 1179 3921 ΟΥ.

58 3949 84 3984 a.
107 3932 188 3981 1233.
211 3933 244 3984 de
263 3931 385 3985 Conrado
403 3933 606 4001 Morburpensi:
632 3936 655 3984 si
675 3934 716 3983 fas
737 3938 777 3983 est
797 3931 852 3980 dici
869 3932 948 3982 nimis
974 3932 1099 3997 precipiti
1118 3946 1179 3980 sen-

56 4007 154 4064 ¹tentis.
238 4002 267 4070 7)
287 4003 378 4056 Sermo
398 4007 461 4071 fere
486 4006 565 4058 idem.
603 4006 681 4057 Anno
710 4005 790 4056 1236.
808 4002 916 4055 Lucani
939 4020 1032 4056 uersus
1058 4004 1178 4068 affertur,

56 4096 82 4130 a.
106 4079 188 4128 1217.
210 4076 266 4129 eius
286 4077 451 4144 epitaphium
470 4079 614 4134 cohibetur.
659 4077 757 4130 Variae
781 4093 877 4128 manus
903 4077 1048 4143 complures
1068 4075 1178 4138 scribas,

55 4169 112 4203 non
131 4152 213 4204 etiosa
232 4157 351 4203 auctores
365 4153 493 4218 probam.
530 4153 673 4205 Auctorem
691 4168 824 4203 annorum
845 4151 915 4201 1229
931 4168 985 4216 sqq.
1006 4167 1065 4202 cum
1084 4149 1180 4202 Fride·

55 4226 111 4277 rico
131 4225 174 4277 11.
193 4225 222 4275 in
241 4223 328 4275 Italia
339 4225 439 4292 fnisse,
459 4227 489 4278 id
508 4227 579 4294 quod
597 4226 723 4290 Bbhmcr,
742 4224 839 4276 Fontes
857 4223 899 4286 II,
916 4241 945 4290 p.
966 4238 1057 4288 XXXV,
1077 4223 1179 4286 statuit,

56 4307 123 4352 recte
143 4299 173 4350 in
192 4299 303 4350 dubimn
322 4299 427 4352 uocauit
445 4299 584 4352 Lehmann
605 4318 636 4366 p.
658 4300 707 4364 66;
733 4316 760 4350 a.
781 4298 861 4348 1231.
881 4299 1036 4363 referuntur
1055 4313 1122 4361 quae
1142 4295 1180 4346 ad

54 4373 259 4438 praecedentem
273 4373 408 4438 portinent
429 4391 538 4426 annum.
