2970 4996
274 393 309 444 78
421 390 610 443 cflsomce
628 391 740 441 REGIA
760 389 1006 443 conoulsnsls
1025 389 1057 443 A.
1080 389 1161 441 1141.
1182 390 1264 442 1142.

646 562 816 614 Beceario
836 561 860 614 I.
880 563 976 615 codd.
996 563 1030 616 A.

273 665 531 752 Ravenesbergfl,
553 663 595 730 ab
622 667 669 730 eis
696 667 802 754 primo
832 687 1009 814 ctprflgressu
1035 639 1176 731 vincitur
1202 677 1235 733 et
1259 667 1404 754 fugatur,

274 762 322 818 set
348 753 453 818 denuo
483 750 696 834 congressuri,
720 757 794 817 ante
821 772 860 814 co
908 752 1008 815 'ctum
1037 752 1218 837 capiuntur.
1263 751 1319 815 Ex
1347 752 1404 817 ad-

273 859 367 902 verso
396 837 482 902 enim
513 832 638 898 insidiis
666 834 838 918 deputatis,
867 857 942 898 cum
971 835 1144 921 peringens
1173 835 1267 921 palus
1299 845 1403 901 trans-

274 921 416 988 eundum
437 920 483 983 eis
505 927 600 999 esset,
620 939 659 982 ac
681 918 831 982 inarmati
851 918 1047 998 incederent,
1073 918 1181 984 subito
1208 921 1243 983 in
1271 941 1329 985 eos
1355 922 1403 984 in·

273 1005 360 1087 siliit,
381 1005 494 1103 sicque
515 1003 598 1066 inter
619 1000 726 1066 hostes
748 1023 787 1066 ac
809 1000 961 1101 paludem
983 1002 1124 1068 inclusos
1150 1024 1297 1090 quosque
1320 1004 1403 1069 mili·

274 1100 358 1155 tares
380 1097 476 1236 ccp1t,
498 1085 555 1151 reli
579 1107 638 1150 uos
664 1084 850 1151 debilitavit.

346 1171 417 1236 Ade
429 1171 538 1236 bertus
586 1170 1162 1268 ogontinusepiscopussubitoobiit3
1179 1171 1232 1236 cui
1242 1171 1403 1237 Marchol-

273 1255 325 1320 fus
347 1255 509 1320 successit
547 1252 709 1318 Siwardus
728 1252 908 1318 Mindensrs
930 1255 1102 1340 episcopus
1117 1255 1210 1339 obiit3
1232 1257 1287 1320 cui
1301 1255 1403 1322 Hein-

274 1340 371 1422 ricus,
394 1338 537 1403 eiusdem
559 1337 696 1402 civitatis
717 1335 866 1403 Insulae¹
888 1336 1001 1420 abbas,
1024 1340 1188 1404 successit.

653 1419 749 1484 Anno
768 1421 903 1485 Domini
927 1424 1019 1487 1142.

185 1529 236 1568 aa.
243 1528 264 1570 r.
348 1505 420 1569 Rex
441 1513 648 1591 pentecosten
669 1504 914 1571 Frankenvort²
937 1505 1087 1588 celebrat,
1109 1506 1291 1572 coadunata
1312 1508 1406 1592 prin-

275 1591 382 1676 cipum
403 1599 470 1654 tam
489 1587 659 1653 Baioariae
681 1610 779 1675 quam
801 1587 962 1654 Saxoniae
984 1589 1151 1676 dignitate.
1187 1589 1239 1655 Ibi
1261 1612 1406 1676 quorun·

274 1674 350 1739 dam
370 1671 594 1737 familiariuml’
617 1693 747 1736 suorum
792 1673 952 1759 rincipum
973 1673 1072 1739 fretus
1094 1673 1225 1756 auxilio,
1247 1673 1406 1740 domnam

275 1757 479 1839 Gertrudam,
504 1756 752 1821 famosissimam
769 1695 937 1821 laxoniae
966 1767 1156 1839 matronam,
1185 1757 1285 1822 filiam
1310 1758 1404 1823 vide-

273 1841 350 1908 licet
362 1841 530 1927 Liutgcri⁰
546 1841 748 1926 imperatoris
770 1851 802 1906 et
822 1839 961 1925 predicti
983 1840 1074 1906 ducis
1088 1841 1235 1906 Heinrici
1257 1842 1406 1926 viduam,
1471 1854 1476 1886 ¹

273 1928 330 1990 uni
350 1949 367 1990 e
388 1923 539 1990 fratribus
561 1925 691 1989 nomine
712 1924 866 1988 Heinrico
888 1926 1092 1989 matrimonio
1120 1925 1294 2012 copulavit,
1323 1949 1403 2012 pru-

274 2008 362 2076 denti
384 2019 416 2074 et
437 2010 514 2072 satis
534 2008 715 2074 necessario
737 2010 824 2072 omni
838 2031 938 2095 regno
952 2030 1030 2074 usus
1045 2009 1190 2092 consilio,
1212 2031 1274 2096 quo
1296 2011 1402 2074 anim-

274 2093 413 2158 advertit
425 2112 520 2177 posse
535 2113 599 2155 una
613 2092 754 2157 femina‘¹
768 2093 940 2178 pacificare
957 2094 1095 2157 omnia³.
1123 2092 1220 2175 Quod
1235 2104 1267 2160 et
1277 2093 1402 2160 factum

274 2185 331 2242 est.
374 2177 458 2241 Nam
479 2175 641 2261 principes
687 2177 720 2238 ui
741 2175 895 2242 hactenus
917 2176 1110 2242 resistebant
1130 2179 1200 2264 regi
1220 2179 1268 2244 ibi
1289 2199 1402 2244 recon-

275 2259 432 2342 ciliantur,
455 2280 582 2324 omnem
603 2198 789 2324 fidedmtem
811 2263 840 2324 ei
865 2261 1104 2345 promittentem
1134 2261 1251 2348 quibus
1274 2262 1401 2348 etipse

273 2343 509 2425 reconciliatus,
525 2343 611 2431 quod
626 2345 779 2429 cuiusque
794 2343 827 2408 di
875 2346 959 2408 ‘tatis
974 2355 1042 2410 erat
1055 2346 1206 2428 restituit,
1227 2367 1267 2410 ac
1282 2345 1401 2411 deinde

274 2430 362 2493 isos
383 2428 544 2515 principes
565 2429 649 2492 inter
674 2449 708 2491 se
736 2426 814 2491 dissi
837 2438 935 2509 entes,
965 2438 1003 2493 ut
1027 2429 1137 2496 decuit
1163 2451 1282 2516 regem,
1312 2432 1401 2517 paci·

298 2533 370 2577 care
392 2513 527 2576 curavit.
571 2511 682 2576 Novae
704 2533 781 2576 vero
804 2521 960 2597 cognatae
982 2535 1060 2578 suae
1080 2523 1240 2579 trecentas
1263 2534 1400 2597 marcas,

274 2617 355 2684 quas
376 2596 448 2681 ipsa
491 2595 573 2660 ridie
594 2618 653 2681 pro
681 2595 855 2660 obtinenda
898 2597 980 2661 ratia
1001 2618 1060 2661 sua
1087 2596 1316 2684 persolvendas
1344 2598 1398 2662 de

274 2682 374 2762 vovit,
394 2618 572 2778 reindulsit,
594 2701 632 2743 ac
655 2680 701 2743 sic
722 2702 781 2764 per
804 2680 845 2744 14
887 2681 933 2744 ies
954 2679 1055 2766 regali
1080 2691 1239 2767 apparatu
1267 2681 1400 2767 nuptias

274 2785 334 2851 per
355 2785 390 2828 se
411 2764 665 2828 amministravit.

614 2942 779 2996 Beceasio
798 2943 840 2996 ΙΙ.
859 2944 952 2997 codd.
971 2944 1005 2996 Β.
1026 2942 1053 2996 0.
1128 2907 1130 2912 Ι

273 3055 374 3107 iniecto
393 3055 471 3106 huius
490 3056 529 3105 rei
548 3055 662 3120 negocio
690 3055 837 3106 discessum
862 3061 911 3107 est.
954 3056 1084 3106 Domus
1108 3056 1263 3123 imperatrix
1281 3027 1398 3110 Ricina

274 3129 318 3196 pie
338 3131 481 3180 memoriae
501 3127 576 3179 obiit.

613 3195 643 3258 5.
687 3193 781 3259 Anno
803 3195 937 3259 Domini
961 3194 1051 3259 1142.

346 3285 405 3337 Rex
422 3291 596 3354 pentecosten
615 3283 812 3336 Frankenefurt
831 3284 960 3346 celebrat,
987 3284 1139 3336 coadunata
1162 3287 1313 3354 principum
1339 3294 1395 3342 tam

275 3360 413 3412 Bawariee
427 3376 507 3427 quam
521 3359 655 3411 Saxoniae
669 3357 809 3428 dignitate.
838 3359 881 3409 Ibi
894 3357 1069 3425 quorumdam
1082 3358 1253 3410 familiarium
1266 3369 1397 3413 suorum⁶

273 3433 425 3499 principum
449 3433 532 3484 fretas
557 3431 671 3495 auxilio,
698 3431 822 3482 domnam
849 3424 1052 3493 contradens,
1079 3431 1284 3484 famosissimam
1309 3435 1395 3487 Saxo·

273 3507 335 3556 niae
354 3511 511 3570 matronam,
530 3504 614 3556 filiam
636 3504 765 3555 videlicet
782 3505 905 3557 Lotharii
930 3505 1099 3571 imperatoris
1124 3512 1151 3557 et
1175 3505 1291 3572 predicti
1309 3507 1396 3560 Hein-

273 3579 323 3630 rioi
336 3577 412 3628 ducis
425 3578 543 3638 viduam,
556 3579 603 3628 uni
616 3594 630 3628 e
643 3577 768 3629 iratribus
781 3580 852 3630 suis
867 3577 1065 3639 coniunxit,
1086 3581 1216 3641 sciens,
1234 3580 1299 3630 hac
1319 3596 1395 3633 con-

272 3652 454 3701 iunctione
474 3647 599 3702 multos
620 3651 853 3702 confederari.
892 3650 970 3714 Quod
991 3659 1016 3702 et
1034 3651 1134 3703 facturn
1154 3657 1204 3704 est.
1239 3653 1308 3704 Nam
1321 3657 1395 3721 priu-

274 3724 348 3789 cipes
366 3723 496 3773 hactenus
517 3722 764 3774 discordantes
789 3723 853 3774 hac
879 3725 1067 3776 occasione
1093 3726 1152 3791 regi
1176 3726 1396 3783 reconciliantur.

274 3794 505 3846 Celebrantur
525 3811 607 3862 ergo
627 3798 735 3862 nuptiae
755 3797 841 3862 regali
857 3803 988 3865 apparatu
1007 3814 1056 3865 per
1076 3799 1110 3848 14
1129 3798 1195 3862 dies,
1216 3815 1299 3864 quas
1318 3802 1396 3868 ipse

273 3884 332 3922 rex
350 3885 399 3936 per
417 3884 446 3920 se
466 3868 678 3920 amministravit.

272 4068 295 4121 a)
311 4066 478 4118 Revenesburg
494 4068 542 4112 Ar.
601 4068 626 4122 b)
641 4068 772 4108 saniarium
789 4067 837 4109 Al.
902 4067 923 4120 c)
939 4070 1080 4111 Lethartt
1095 4071 1145 4113 Ar.
1221 4070 1245 4124 d)
1261 4071 1321 4113 ieris
1337 4073 1395 4114 Ate

272 4143 301 4165 =
325 4127 347 4180 s)
364 4139 398 4178 pr.
415 4140 433 4169 ι,
451 4129 495 4170 02.
555 4125 729 4180 OGertrudam
747 4125 935 4176 013Gerthrud.
953 4129 1004 4170 Bl.

273 4315 302 4383 1)
322 4314 479 4368 Menestrati
498 4313 526 4366 S.
546 4315 674 4366 Mauricii
692 4316 721 4367 io
739 4315 829 4368 insule
843 4333 930 4382 prope
950 4316 1080 4369 Miadam.
1170 4316 1200 4383 2)
1219 4315 1302 4368 Immo
1321 4316 1391 4369 Pro·

269 4406 335 4458 pac,
354 4407 380 4441 a.
399 4388 539 4442 Lehmann
553 4407 583 4456 p.
606 4390 649 4440 to.
736 4391 764 4453 3)
785 4390 826 4441 De
844 4390 892 4440 hoc
911 4391 966 4441 loco
985 4391 1021 4456 cf.
1039 4390 1183 4444 Bernhee'm
1201 4390 1219 4441 l.
1240 4391 1258 4441 l.
1274 4407 1306 4454 p.
1326 4391 1391 4443 aot.
