2924 5006
80 421 82 424 -
109 382 294 436 cumcuma
313 383 426 436 REGIA
445 383 699 436 COLONIENSIS.
719 382 823 436 CONT.
842 383 874 436 A.
887 383 967 436 1196.
979 385 1059 436 1197.
1105 385 1156 436 159

400 555 571 607 Rcccnaio
591 556 616 606 I.
636 557 705 609 cod.
725 557 786 609 At.

115 623 294 709 Imperator
307 622 348 687 ab
365 622 512 687 omnibus
527 623 654 708 imperii
695 622 872 722 rincipibus
887 645 1011 689 summa
1026 646 1156 710 precum

41 707 187 771 instantia
210 707 342 794 optinet,
365 716 401 770 ut
422 705 523 769 filium
546 728 638 770 suum
689 707 860 772 ridcncum
882 710 1010 772 nomine
1032 709 1089 773 vix
1103 710 1157 775 tri·

41 812 147 854 ennem
170 791 203 854 iu
226 812 335 875 regem
358 789 486 874 eligant,
508 812 617 855 ornnes
642 813 682 855 ue
707 793 840 877 puerulo
868 791 964 856 fidem
993 802 1025 856 et
1054 813 1156 858 sacra·

41 883 140 938 menta
162 883 310 960 prestant
329 885 437 960 preter
459 872 611 938 Adolfum
656 874 853 940 oloniensem
867 874 1156 963 archiepiscopum,

41 958 90 1044 qni
111 969 187 1022 tunc
219 957 350 1045 quidem
378 959 410 1020 in
438 957 499 1021 hoc
521 959 652 1022 minime
675 961 846 1042 consensit,
869 959 924 1024 sed
951 961 1156 1045 postmodum

41 1041 118 1106 aud
139 1041 357 1128 Bopardiam⁸
379 1043 548 1124 consensit,
570 1043 784 1107 iuramentum
807 1042 854 1107 ibi
875 1055 1021 1130 prestans
1048 1066 1156 1110 coram

40 1063 182 1212 Plilippo
206 1127 289 1191 duce
313 1124 458 1207 Sucviae,
481 1127 577 1190 fratre
598 1128 810 1213 imperatoris.

205 1209 285 1299 [ist]
322 1208 417 1274 Anno
440 1209 621 1274 dominicae
642 1212 872 1276 incarnationis
896 1212 986 1276 1197.

115 1293 299 1380 Imperator
328 1294 361 1356 in
391 1291 513 1380 Apulia
533 1304 686 1375 moratur,
716 1296 810 1360 etde
832 1317 870 1360 eo
893 1316 931 1361 ac
954 1296 1156 1396 imperatrice

46 1374 226 1441 Constantia
247 1399 359 1441 rumor
380 1377 470 1440 varia
493 1379 638 1452 seminat,
662 1378 786 1444 scilicet
830 1379 896 1444 uod
913 1380 983 1465 ipse
1004 1403 1037 1444 1n
1058 1382 1156 1444 variis

42 1459 199 1525 eventibus
216 1470 400 1560 preventus,
421 1463 517 1526 etiam
540 1463 573 1525 in
596 1463 680 1526 vitae
701 1401 844 1548 periculo
867 1487 900 1527 se
926 1487 943 1528 e
966 1465 1156 1529 constitutus

42 1545 84 1626 sit,
106 1545 191 1630 quod
215 1545 429 1631 rmperatricis
443 1544 605 1610 voluntate
621 1569 747 1631 semper
769 1547 839 1611 ficri
908 1549 1054 1646 gabatur.
1097 1548 1156 1613 Pe-

41 1629 124 1691 nuria
145 1651 293 1694 annonae
318 1639 350 1694 et
370 1629 521 1694 frumenti
545 1652 665 1714 magna
685 1640 718 1694 et
738 1631 839 1696 fames
858 1630 976 1713 valida,
1002 1633 1046 1697 ita
1069 1630 1156 1717 quod

42 1710 190 1777 maldrum
206 1711 342 1799 siliginis
363 1713 396 1776 in
418 1714 562 1798 partibus
577 1714 659 1778 Reni
681 1713 722 1777 ad
747 1717 786 1779 15
807 1713 925 1779 solidos
946 1714 1154 1780 vendebatur.

42 1793 131 1882 Plaga
165 1796 358 1861 miserabilis
394 1807 567 1881 grassatur.
622 1797 706 1862 Nam
737 1798 805 1884 lupi
832 1800 866 1862 in
895 1798 1041 1885 partibus
1071 1801 1155 1864 circa

43 1878 197 1945 Mosellam
219 1879 329 1968 plures
352 1881 497 1947 homines
520 1881 754 1947 devoraverunt
762 1894 784 1946 ⁰.

373 1970 545 2023 Beceasio
570 1971 595 2022 Ι.
614 1973 710 2023 codd.
730 1969 763 2024 A.
785 1970 813 2023 0.

116 2038 243 2103 Eodem
257 2048 401 2124 tempore
416 2037 611 2124 quibusdam
625 2039 717 2103 iuxta
731 2037 899 2104 Mosellam
915 2038 1154 2106 ambulantibus

44 2123 181 2218 apparuit
202 2123 364 2188 fantasma
385 2126 485 2188 mirae
506 2122 738 2208 magnitudinis
752 2125 786 2187 in
800 2122 942 2187 humana
955 2123 1057 2189 forma
1072 2146 1154 2210 equo

43 2224 124 2288 mgro
138 2206 293 2271 insidens.
327 2206 455 2288 Quibus
471 2207 656 2294 perterritis,
672 2206 715 2271 ad
737 2230 791 2272 cos
813 2207 980 2288 accedens,
996 2230 1036 2272 ne
1058 2219 1154 2274 terrc-

13 2333 14 2342 .
44 2299 140 2372 antru,
163 2291 318 2355 hortatur.
362 2290 596 2355 Theodericum
619 2291 816 2356 Bernensem
838 2314 872 2356 sc
894 2293 1038 2357 nominat
1060 2301 1092 2357 et
1120 2295 1153 2358 in

43 2368 123 2437 brevi
144 2396 202 2474 per
225 2384 329 2439 totum
350 2375 393 2437 im
419 2377 521 2439 arium
544 2377 702 2439 causam(l
723 2376 880 2442 adventus
903 2377 952 2440 sui
975 2376 1092 2442 debere
1107 2377 1154 2440 in-

44 2467 164 2522 notesci.
209 2457 358 2557 Cumque
380 2397 474 2544 plura
495 2481 570 2523 cum
593 2461 639 2525 eis
661 2459 827 2541 conferret,
843 2481 926 2546 equo
942 2482 1007 2546 quo
1022 2461 1154 2526 sedebat

13 2583 14 2586 κ
43 2538 197 2606 Mosellam
221 2543 381 2624 translvit,
405 2544 561 2628 quosdam
583 2542 707 2608 nobiles
729 2543 795 2607 illic
817 2544 997 2609 habitantes
1043 2569 1077 2610 er
1096 2566 1152 2609 eos

13 2625 14 2632 ’
43 2623 168 2691 invitarm
190 2627 233 2692 ad
256 2627 416 2712 quendam
437 2626 553 2709 locum,
577 2627 689 2692 dicens
705 2651 738 2692 se
760 2629 794 2692 in
809 2629 996 2694 ascensione
1053 2629 1153 2693 omini

14 2743 15 2748 κ
43 2705 109 2773 illuc
122 2721 293 2776 venturum
315 2721 347 2776 et
362 2732 443 2797 quae
465 2721 599 2776 ventura
615 2723 704 2777 crant
719 2713 839 2777 eisdem
860 2713 1150 2799 pronuntiaturum.

364 2837 532 2890 Rcceasio
552 2837 593 2889 ΙΙ.
613 2838 708 2890 codd.
727 2839 763 2889 B.
785 2837 812 2891 0.

123 2911 275 2978 Imperator
296 2938 328 2950 -
349 2937 383 2948 ·-
403 2912 484 2963 fratre
502 2913 679 2978 imperatoris.
698 2919 728 2962 at
747 2911 873 2964 Recensio
893 2912 918 2966 Ι.

124 2978 267 3061 Felicisf
283 2979 456 3043 memoriae
478 2977 650 3043 Heinricus
672 2978 774 3044 abbas
803 2977 897 3061 obiit3
931 2978 1000 3042 cuif
1023 2976 1154 3044 Walde·

44 3072 147 3124 verast
172 3064 345 3144 successit,
378 3061 479 3127 abbas
510 3061 621 3128 Sancti
647 3061 741 3127 Pauli
761 3063 795 3126 in
822 3062 981 3142 Traiecto‚
1016 3061 1152 3151 [anteat]

44 3146 208 3211 monachus
231 3146 366 3212 ecclesie
388 3155 525 3212 nostrae.

14 3305 15 3308 Ἴ
222 3232 251 3300 7.
298 3231 395 3295 Anno
417 3230 596 3295 dominicae
617 3230 845 3294 incarnationis
869 3228 959 3293 1197.

14 3313 15 3374 ἦ
116 3324 265 3393 Imperator
286 3329 314 3378 in
335 3327 433 3393 Apulia
458 3333 585 3378 moratur.
633 3313 684 3378 lbi
712 3314 867 3401 quosdam
895 3313 1068 3400 principeS,
1098 3313 1155 3461 gui

46 3392 201 3464 innecem
224 3399 293 3464 eius
316 3400 514 3485 conspirasse
536 3395 733 3480 dicebantur,
756 3397 891 3465 diversis
912 3397 1005 3483 penis
1028 3397 1095 3461 occi
1120 3397 1154 3460 it.

46 3481 146 3538 Rumori
166 3490 273 3541 etiam
294 3492 328 3542 ds
348 3506 380 3541 eo
401 3506 487 3539 ac-
508 3517 541 3526 -
563 3491 768 3540 devoraverunt.
788 3497 818 3540 nt
836 3487 962 3539 Beceart'o
981 3487 1007 3540 I.

394 3561 561 3614 Recensio
581 3561 624 3612 ΙΙ.
644 3563 737 3613 codd.
757 3561 791 3614 B.

120 3635 223 3687 Eodem
243 3637 348 3686 etiam
380 3651 471 3687 anno
497 3636 656 3702 quibusdam
682 3638 756 3686 iuxta
791 3633 932 3686 Mosellam
957 3633 1155 3685 ambulantibus

49 3709 158 3768 apparuit
175 3710 310 3760 fantasma
328 3711 411 3760 mirae
431 3709 624 3775 magnitudinis
643 3710 670 3758 in
689 3709 807 3759 bumana
825 3709 910 3759 forma
930 3724 999 3778 aquo
1017 3708 1095 3773 nigro
1114 3708 1154 3757 in-

49 3775 134 3832 sidens.
171 3783 275 3846 Quibus
294 3785 420 3834 timore
439 3783 631 3850 perculsis,
649 3782 683 3833 id
708 3781 799 3848 quod
824 3781 1012 3833 ridebatur
1037 3780 1072 3832 ad
1096 3795 1154 3831 eos·

51 3845 111 3902 dem
130 3856 302 3907 audacter
322 3856 465 3916 accedens,
478 3872 512 3906 ne
531 3857 794 3924 pertimescant,
812 3856 940 3906 bortatur.
978 3854 1154 3905 Teodsricum

51 3927 202 3985 quondam
222 3944 339 3995 regem
354 3930 489 3982 Verone
509 3945 538 3980 se
557 3931 677 3980 nominat
696 3934 729 3979 et
748 3928 908 3980 diversas
929 3927 1153 3978 calamitates

52 4000 250 4053 etmiserias
270 4008 547 4070 superventuras
567 4003 733 4054 universo
753 4003 902 4052 Romano
927 4001 1075 4065 imperio
1096 3998 1155 4050 de·

51 4074 188 4126 nunciat.
226 4075 295 4127 Hec
310 4081 343 4127 et
362 4076 433 4126 alia
451 4075 549 4143 plura
569 4091 639 4126 enm
661 4074 789 4127 eisdem
811 4073 974 4140 contulit,
996 4078 1030 4123 et
1049 4071 1088 4122 ab
1104 4074 1155 4124 eis

52 4146 216 4211 recedens,
232 4165 300 4220 equo
317 4165 369 4216 quo
383 4148 496 4201 sedebat
506 4149 646 4202 Mosellam
660 4149 783 4200 transivit
799 4153 826 4199 et
844 4146 883 4198 ab
903 4144 1018 4197 oculis
1038 4161 1154 4197 eorum

54 4222 191 4272 evannit.

54 4319 72 4372 ι)
84 4326 215 4372 Bobardtam
231 4331 281 4372 Bl.
325 4331 350 4384 b)
366 4334 421 4374 aaut
436 4333 478 4375 01.
524 4330 545 4383 c)
562 4332 731 4372 devoraverunt
748 4353 773 4361 -
791 4338 912 4378 emergens
928 4328 1034 4369 homines
1048 4329 1091 4369 aa.
1108 4327 1156 4370 At.

55 4379 73 4431 d)
87 4395 149 4429 “aaa
160 4395 210 4440 poet
224 4402 282 4433 corr.
300 4402 393 4433 causam
409 4393 451 4433 09.
461 4390 519 4443 =c)
533 4392 584 4431 tace
598 4392 675 4430 demant
691 4390 735 4441 02,
750 4390 808 4428 tinec
823 4399 870 4427 unc
886 4398 957 4427 erosa
1010 4385 1028 4438 i)
1044 4387 1099 4427 deest
1116 4387 1156 4428 01.

55 4438 73 4489 t)
86 4443 231 4491 Waldenerus
247 4451 291 4492 01.
351 4449 376 4502 h)
389 4455 440 4501 poet
455 4451 526 4500 mappa
542 4449 593 4501 131,
608 4450 664 4490 deest
680 4451 726 4492 ct.
786 4447 804 4499 i)
822 4457 873 4488 rum
888 4457 947 4486 corr.
963 4455 1042 4486 rumor
1057 4445 1104 4485 131.
