2944 5002
293 375 346 424 368
500 374 654 426 MARTINI
674 374 921 427 CONTINUATIO
943 372 1197 427 cononlnnsffl.

294 544 380 631 quod
412 551 582 630 propterea
611 543 831 628 properaverit
853 543 945 608 Deus
978 544 1111 608 edocere
1138 564 1210 636 eqm
1235 542 1275 606 de
1305 541 1412 606 medio
1463 553 1468 566 '

294 632 344 694 iai
366 629 515 693 uitatem.
1291 633 1294 639 “

221 749 285 791 mu.
345 653 364 716 q
380 714 469 799 Papa
486 732 614 799 quoque
630 709 779 776 Clemens
791 710 831 774 V.
846 722 920 796 post
935 714 995 775 hoc
1011 711 1161 792 decessit3
1184 711 1237 774 cui
1251 707 1414 774 lohannes

221 828 285 870 rere.
295 797 407 863 XXII.
429 818 516 884 papa
537 797 700 860 successit.
1425 815 1427 820 ·

533 879 784 960 Fridericus,
805 877 921 942 filius
944 879 1171 945 Adalberti.

295 966 389 1030 Anno
419 965 552 1029 Domini
587 963 684 1046 1314,
717 963 815 1028 Urbis
847 985 924 1030 vero
958 963 1086 1029 condite
1118 963 1211 1041 2152,
1247 961 1416 1110 principes

297 1049 468 1116 Germanie
495 1057 568 1135 post
595 1060 730 1114 mortem
760 1048 904 1113 Heinrioi
936 1048 1138 1136 imperatoris
1170 1048 1202 1110 in
1230 1047 1415 1111 eeccione⁸

294 1135 380 1218 regis
402 1132 637 1199 discordabant.
681 1133 855 1198 Heinricus
878 1133 1075 1221 archiepisco
1100 1156 1137 1198 us
1151 1129 1362 1198 'Coloniensis
1385 1138 1418 1194 et

295 1217 451 1282 Rudolfus
487 1239 592 1282 comes
630 1215 789 1302 palatinus
825 1216 873 1282 ele
898 1228 991 1282 erunt
1022 1156 1221 1282 Fridericum
1256 1214 1417 1279 illustrem

296 1303 412 1367 ducem
426 1302 567 1382 Austrie,
587 1301 688 1365 tilium
709 1302 793 1387 regis
808 1240 983 1382 Adeiberti,
1005 1312 1153 1388 nepotem
1168 1299 1295 1365 Rodolfi
1315 1298 1418 1383 regis,

221 1389 353 1472 raraqui
374 1395 407 1450 et
426 1386 467 1451 ab
483 1386 635 1450 Heinrico
655 1385 854 1472 archiepisco
880 1384 1099 1452 oOoloniensi
1113 1387 1227 1450 Bunne
1248 1387 1282 1449 in
1301 1405 1416 1470 regem

297 1480 345 1536 est
376 1479 593 1551 consecratus3
630 1470 685 1534 atb
708 1470 822 1534 Petrus
884 1473 1055 1555 aguntinus
1088 1470 1353 1555 archiepiscopus
1385 1477 1418 1532 et

296 1554 519 1620 Baldewinus⁰
541 1552 747 1618 Traherensis
767 1553 1040 1641 archiepiscopus,
1064 1556 1160 1620 frater
1181 1554 1328 1619 Heinrici
1353 1554 1414 1617 im·

320 1640 461 1720 cratoris,
490 1648 521 1704 et
548 1638 708 1703 Iohannes
734 1661 792 1702 rex
820 1638 984 1721 Bohemie,
1017 1638 1101 1704 filius
1129 1639 1343 1725 imperatoris,
1365 1639 1416 1701 'in

295 1663 525 1789 lodewicumd
539 1724 699 1808 insignem
714 1722 829 1787 ducem
841 1723 996 1805 Bawarie,
1016 1734 1165 1810 nepotem
1180 1724 1265 1808 regis
1285 1721 1415 1787 Rudolfi

297 1832 340 1874 ex
354 1808 429 1888 filia,
452 1807 691 1890 concordantes,
708 1829 817 1892 regem
833 1805 1005 1891 elegenmt.
1042 1809 1168 1873 Interea
1183 1830 1255 1872 curn
1270 1806 1414 1871 fautores

296 1892 469 1959 electorum
504 1891 624 1977 rapinis
656 1892 892 1978 incendiisque,
932 1889 993 1979 que
1026 1892 1235 1958 adversarum
1264 1891 1414 1978 parcium

297 1988 394 2059 erant,
454 1999 489 2040 ro
522 1997 617 2064 posse
654 1975 773 2062 ubique
807 1976 1020 2059 devastarent,
1051 1976 1245 2042 Ludowicus
1281 1975 1414 2040 tandem

297 2072 407 2126 contra
430 2000 628 2125 lanearum
656 2082 730 2124 cum
757 2082 874 2146 magno
902 2062 1047 2126 exercitu
1069 2063 1170 2144 venit3
1202 2062 1253 2124 cui
1280 2059 1414 2124 nichilo·

296 2147 402 2209 minus
423 2145 613 2210 Lodowicus
636 2145 764 2210 obviarn
793 2167 866 2209 curn
893 2145 1032 2231 plurima
1057 2146 1188 2232 sequela
1216 2155 1414 2210 armatorum

298 2230 450 2312 occurrit,
486 2252 595 2315 pugna
630 2230 738 2317 itaque
774 2231 926 2312 comissa,
961 2231 1146 2296 Fridericus
1182 2250 1202 2293 a
1236 2228 1414 2294 Lodowico

222 2315 423 2400 raiacapitur
452 2322 484 2379 et
514 2315 549 2377 in
570 2312 700 2378 vincula
729 2315 886 2378 conicitur
895 2325 918 2396 ⁸,
956 2325 988 2380 et
1016 2315 1108 2380 multi
1140 2314 1260 2400 captivi
1288 2313 1412 2379 ibidem

297 2398 534 2465 abstrahuntur.
572 2397 716 2484 Contigit
731 2407 838 2463 autem
861 2399 944 2464 inter
963 2399 1125 2498 predictos
1141 2398 1304 2486 quoddam
1318 2399 1413 2463 mira·

298 2481 360 2548 bile
383 2505 403 2546 a
424 2481 531 2548 seculo
558 2505 622 2546 non
650 2483 804 2547 auditum.
848 2483 1032 2548 Friderrcus
1061 2484 1146 2548 enim
1172 2494 1245 2569 post
1270 2495 1409 2547 annum¹

297 2565 797 2717 tttttttttttltttttl
816 2566 1412 2717 titttttttttlttttldtt

297 2737 460 2801 invitatur.
515 2736 621 2815 Quam
654 2734 921 2822 pollicitacionem
947 2736 1131 2802 Fridericus
1162 2674 1281 2800 extudc
1311 2759 1410 2822 usqne

298 2841 383 2884 nunc
415 2819 588 2885 efficaciter
619 2820 802 2906 exequitur,
839 2830 871 2885 et
902 2831 977 2886 sunt
1005 2822 1051 2885 sic
1083 2821 1159 2884 facti
1191 2821 1288 2885 amici
1322 2823 1413 2908 quasi

298 2905 412 2970 fratres
434 2906 588 2990 germani.

381 2989 508 3054 Interea
553 2989 674 3054 ontifex
695 2988 859 3053 Romanus
882 2988 1041 3054 lohannes
1064 2989 1175 3054 XXII.
1205 3010 1413 3076 peromnem
1469 2997 1470 3010 ¹

300 3073 507 3138 Germaniam
522 3011 731 3138 liodowicum
754 3074 993 3138 excomunicari
1015 3075 1161 3161 precepit
1181 3084 1214 3138 et
1235 3096 1275 3138 ne
1298 3071 1340 3139 ali
1363 3074 1413 3138 uis

299 3180 373 3222 eum
408 3160 497 3244 regio
533 3159 662 3222 nomine
693 3155 744 3221 vel
776 3156 896 3222 honore
925 3168 1095 3223 veneretur
1125 3158 1296 3223 interdicit.
1342 3095 1414 3222 llic

299 3243 402 3307 eciam
423 3265 510 3329 papa
522 3243 660 3308 Wienne
683 3241 853 3306 concilium
876 3240 1050 3325 celebrans,
1072 3243 1321 3308 constituciones
1342 3264 1413 3342 pre-

300 3325 477 3394 decessoris
507 3329 558 3391 sui
581 3326 755 3392 Clementis
775 3326 815 3390 V.
844 3328 878 3391 in
906 3326 1005 3391 lacius
1031 3326 1245 3413 provulgavit
1288 3324 1355 3391 Ub1
1381 3338 1414 3393 et

298 3410 415 3476 festum
444 3412 618 3476 eukaristie
650 3410 691 3475 ab
714 3409 846 3474 Urbano
876 3433 962 3496 papa
982 3411 1040 3475 IV.
1069 3419 1221 3477 statutum
1254 3419 1287 3476 et
1313 3432 1413 3497 usque

298 3495 340 3560 ad
368 3518 403 3561 se
431 3495 613 3581 neglectum
641 3493 847 3580 solempniter
873 3493 1028 3560 celebrari
1060 3496 1233 3560 constituit.
1277 3494 1414 3561 Canoni-

299 3581 404 3644 savit²
427 3601 553 3667 quoque
580 3590 612 3645 et
634 3587 780 3644 sanctum
801 3578 960 3644 Thomam
988 3579 1027 3644 de
1049 3577 1178 3666 Aquino
1206 3579 1327 3644 ordinis
1352 3580 1414 3644 fra-

298 3673 382 3728 trum
405 3665 657 3747 Predicatorum,
694 3684 747 3726 ma
770 3685 847 3726 num
879 3664 1052 3746 doctorem,
1086 3664 1264 3729 auditorem
1293 3663 1416 3729 domini

299 3747 422 3814 Alberti
444 3747 626 3832 Alamanni,
663 3686 824 3834 quondam
846 3747 1090 3836 Ratisponeniis
1123 3749 1276 3835 episcopi,
1306 3747 1416 3814 condi-

299 3843 401 3898 torem
424 3832 597 3898 multorum
619 3831 856 3919 opusculorum.
1427 3849 1430 3856 ·

384 3919 446 3982 Per
476 3917 561 3982 idern
594 3928 720 4003 tempus
751 3915 999 3992 Rodestedensis
1038 3916 1145 3982 insula
1175 3939 1196 3980 a
1228 3917 1415 3984 Sarracenis

300 4011 456 4090 occupata
488 4012 520 4067 et
551 4001 675 4088 aliquot
706 4002 797 4065 annis
829 4000 870 4066 ab
903 4001 1025 4066 eisdem
1057 4002 1186 4068 detenta
1215 4024 1235 4066 a
1261 4001 1414 4070 fratribus

299 4218 323 4272 s)
339 4222 465 4264 elleectone
480 4233 498 4262 c.
529 4218 553 4273 b)
570 4220 662 4275 ac(?)r.
693 4220 715 4274 e)
730 4221 879 4262 Baldewntus
894 4232 913 4263 e.
948 4219 971 4272 d)
988 4222 1149 4263 Leodewtcum
1166 4234 1183 4262 e.
1214 4221 1236 4268 el
1252 4222 1380 4264 convicitur
1395 4235 1414 4266 e.

302 4391 329 4452 1)
343 4389 419 4440 Anao
433 4390 536 4440 demum
552 4391 631 4440 1325.
647 4389 802 4442 Fhiderieur
815 4408 828 4444 e
842 4391 954 4444 vinealis
968 4391 1091 4444 dimiseras
1105 4399 1151 4445 est.
1203 4388 1231 4457 ἲ)
1245 4389 1322 4443 Anno
1336 4394 1414 4448 1323.
1462 4323 1467 4442 l
