2942 4998
257 387 313 438 XII
521 384 710 437 CHRONIOA
728 385 842 436 REGIA
862 384 1116 440 00LON1ENSIS.

258 553 357 617 uerba
378 552 481 617 alium
501 554 689 638 scriptorem
708 552 861 616 indicare
875 551 1056 616 uidentur¹.
1103 553 1254 617 Historia
1270 551 1376 618 breuis

254 661 380 723 parum
401 651 576 721 temporum
600 661 715 702 curam
737 636 849 717 lalet;
873 660 905 699 a.
930 636 1021 700 1181.
1039 636 1130 700 1182.
1152 647 1376 702 memorantur

261 745 343 808 quae
367 745 398 784 a.
422 721 513 786 1185.
536 732 611 786 acta
628 731 705 785 0001
712 743 724 801 ,·
747 743 799 784 res
814 722 1013 802 notissimae,
1037 731 1073 785 ut
1087 721 1241 786 Heinrici
1256 722 1375 786 Leonis

259 805 405 886 cecilium,
428 805 581 871 Heinrioi
610 806 661 870 VI.
684 807 832 888 nuptiae,
864 807 975 869 minus
998 815 1152 870 accurate
1174 807 1376 888 traduntur,·
1465 813 1467 822 ⁴

259 912 385 955 errores
408 890 578 955 abundant
600 899 629 954 et
643 891 833 974 scriptorem
845 888 1000 974 fontibus
1015 888 1202 954 destitutum
1218 901 1376 976 arpunnt.

259 975 358 1038 Anno
372 975 463 1039 1188.
479 975 605 1040 litterae
623 975 750 1039 Urbani
761 995 876 1057 papae
898 976 1101 1054 inseruntur,
1124 976 1279 1059 06019006
1300 997 1375 1039 0060
1466 1011 1467 1026 0

260 1060 299 1123 de
316 1081 415 1144 papa
437 1057 578 1144 16901000
599 1061 740 1122 mittente
764 1058 881 1123 addita
903 1067 980 1121 sunt
1002 1059 1047 1122 ad
1070 1056 1267 1143 Greporium
1287 1059 1375 1125 VIII.
1466 1109 1467 1124 .

259 1153 422 1229 spectant,
456 1145 551 1208 cuius
580 1145 811 1208 successionem
833 1141 940 1226 fastis
970 1151 1047 1227 post
1077 1143 1197 1207 intulit.
1247 1143 1378 1208 Nilsilo-

260 1231 370 1292 minus
403 1228 481 1291 inde
508 1228 548 1292 al
578 1229 636 1292 1060
659 1226 737 1311 fere
764 1236 903 1310 tempore
935 1228 1088 1292 narratio
1116 1229 1279 1312 copiosior
1296 1250 1376 1311 pro-

261 1313 353 1393 cedit,
383 1313 547 1396 enpeditio
571 1313 771 1397 praesertim
800 1311 964 1376 Friderici
991 1311 1018 1374 I.
1051 1312 1087 1374 in
1115 1313 1248 1376 Terram
1275 1311 1380 1376 Sanc·

261 1406 328 1460 tam
361 1406 511 1482 suscepta
537 1396 656 1481 fusius
693 1417 733 1460 ess
758 1397 888 1475 onitur,
925 1404 961 1458 ut
995 1395 1185 1460 relationem
1221 1398 1378 1480 scriptam

263 1489 378 1544 auctor
393 1480 581 1545 adhibuisse
600 1501 713 1544 censen
739 1503 779 1543 us
794 1479 845 1560 sit,
867 1480 922 1543 cui
961 1480 1102 1544 uaedam
1117 1502 1157 1543 eu
1176 1503 1265 1565 0090
1277 1480 1381 1565 fama
1466 1525 1467 1552 0

262 1573 344 1628 nata
370 1575 447 1628 sunt
475 1565 632 1630 inserta².
674 1564 753 1628 Non
776 1561 888 1628 semel³
913 1503 959 1626 ad
973 1563 1098 1649 populi
1118 1573 1280 1628 rumorem
1296 1587 1380 1650 pro·
1466 1587 1467 1612 ³

262 1649 399 1729 vocavit,
429 1650 484 1714 sed
507 1652 603 1714 etiam
626 1648 780 1733 epistolas
824 1669 886 1710 uas
907 1657 1025 1712 nactus
1054 1656 1099 1712 est
1120 1651 1249 1733 recepit,
1279 1658 1307 1712 et
1329 1671 1383 1713 res

261 1756 327 1797 non
357 1733 459 1798 solum
487 1735 524 1797 in
539 1732 730 1820 Ι(1600000οῗ0
758 1742 788 1797 01
803 1672 920 1813 thalia,
951 1732 1007 1797 sed
1034 1735 1130 1796 etiam
1161 1735 1197 1797 in
1220 1734 1381 1816 Francia,
1466 1791 1467 1812 2

262 1818 446 1902 Hispania,
475 1819 627 1905 Unparia
650 1827 768 1904 960100,
791 1825 949 1902 quantum
965 1818 1086 1900 potuit,
1115 1818 1289 1882 memoriae
1311 1827 1381 1882 tra·

262 1903 358 1984 didit,
381 1925 479 1987 quam
500 1905 642 1967 manime
667 1924 742 1966 uero
765 1902 988 1985 capeditiones
1008 1903 1045 1964 in
1068 1902 1201 1966 Terram
1223 1901 1384 1967 Sanctam
1466 1965 1467 1968 ,

258 1996 463 2072 prosecutus,
490 1988 528 2050 de
551 1987 692 2051 historia
714 1985 837 2049 saeculi
852 1985 926 2047 XII.
942 1986 1099 2065 exeuntis,
1121 1986 1213 2049 XIII
1237 1988 1383 2051 ineuntis
1464 1997 1467 2052 1

263 2074 381 2155 optime
412 2071 546 2134 meritus
576 2080 630 2134 est.
675 2070 721 2133 Im
750 2068 933 2133 oratoribus
963 2068 1126 2151 addictus,
1157 2093 1239 2156 quae
1269 2072 1380 2136 arclsi·
1466 2137 1467 2150 ,

262 2155 410 2240 episcopi
438 2153 615 2239 Philippus
644 2163 672 2216 et
732 2153 842 2240 dolfus
872 2161 985 2216 contra
1013 2175 1064 2217 060
1093 2164 1229 2240 eperunt
1255 2159 1382 2221 tacuit⁴
1466 2195 1467 2206 .

285 2239 403 2319 uidem,
438 2236 508 2302 alia
537 2261 611 2302 uero
642 2239 723 2302 satis
752 2238 893 2302 candide
919 2239 1080 2325 esposuit,
1106 2238 1217 2322 Adolfl
1243 2262 1381 2303 causam

263 2263 449 2408 descendens,
472 2332 539 2387 tam
561 2345 633 2386 cum
661 2321 804 2386 Ottonem
826 2321 883 2386 IV.
905 2344 1012 2407 069600
1034 2321 1219 2408 elipandum
1242 2323 1383 2405 duceret,

263 2430 361 2492 quam
379 2417 495 2492 postea
524 2430 596 2471 cum
624 2408 867 2492 ‘pravissimum
894 2415 923 2470 et
949 2407 1146 2492 impossibile
1174 2410 1243 2492 ipsi
1255 2407 1383 2492 fuisset

262 2493 388 2556 cunctis
399 2514 483 2576 pene
493 2491 707 2576 principibus
720 2493 884 2556 contraire
899 2500 927 2555 et
937 2500 1050 2555 contra
1065 2514 1173 2555 eorum
1184 2492 1382 2558 uoluntatem

263 2586 292 2640 et
313 2599 505 2640 consensum
525 2599 586 2660 pro
609 2598 668 2640 suo
687 2573 763 2638 uelle
779 2575 965 2640 Romanum
987 2577 1161 2658 imperium
1183 2578 1380 2662 disponere’,

262 2662 397 2745 ideoque
411 2659 656 2742 Ottonispartcs
668 2659 849 2744 relinquere
862 2670 890 2724 et
901 2683 973 2724 cum
982 2659 1135 2746 Plilippo
1142 2684 1259 2744 pacem
1261 2660 1382 2745 facere
1465 2721 1467 2730 .

263 2747 369 2808 satius
391 2744 564 2810 iudicaret.
607 2745 705 2808 Hunc
735 2753 834 2808 antea
863 2767 902 2808 ne
932 2743 1045 2808 ducem
1074 2745 1164 2809 dicat
1189 2746 1382 2832 plerumque
1466 2735 1467 2758 ¹

263 2828 425 2894 ‘Sumam’
462 2830 619 2909 nominat,
652 2851 898 2914 nonnumquam
926 2850 1001 2892 aero
1031 2829 1100 2892 iam
1129 2832 1216 2914 repis
1249 2833 1381 2894 nomine

262 2911 393 2977 salutat.
436 2913 552 2976 Eidem
575 2914 729 2996 scriptori
750 2935 851 2996 usqne
873 2913 919 2977 acl
942 2935 1068 2977 annum
1091 2912 1182 2978 1199.
1205 2916 1379 2978 continua-

263 2999 381 3062 tionem
403 2997 523 3078 deberi,
546 2996 720 3061 uerisimile
737 3006 800 3078 est;
824 2999 973 3082 quamuis
989 2995 1137 3061 ultimam
1159 3000 1230 3062 eius
1251 3008 1380 3082 partem
1465 3011 1467 3016 '

263 3083 416 3166 temporis
449 3083 588 3146 decursu
620 3081 770 3144 additam
802 3103 867 3145 0000
896 3090 1047 3166 pateat⁵3
1084 3104 1184 3168 06906
1215 3084 1274 3147 diu
1301 3092 1381 3168 post
1466 3135 1467 3138 .

263 3165 426 3230 calamum
441 3166 622 3250 deposuit&
666 3164 1379 3251 1019061611αο0601106Α2060090616100,
1466 3217 1467 3220 .

263 3274 302 3315 esc
331 3274 394 3336 quo
416 3253 625 3335 primaevam
652 3251 751 3314 laius
780 3253 889 3334 operis
908 3249 1058 3334 formam
1079 3252 1148 3315 iam
1170 3253 1380 3336 06906010000

262 3359 387 3401 060060
411 3358 529 3400 nouam
552 3336 829 3400 continuationem
853 3337 1048 3420 accepimus.

346 3421 457 3485 Etiam
489 3421 575 3484 10000
608 3417 760 3484 Coloniae
793 3421 859 3484 sive
887 3440 995 3504 prope
1020 3417 1188 3483 Coloniam
1221 3420 1379 3504 scriptam

264 3582 292 3648 1)
318 3583 415 3634 Verba:
435 3585 561 3635 0010000016
581 3588 722 3633 sanctae
743 3582 888 3646 60010οἱ0ος
908 3583 996 3634 unitas
1016 3587 1160 3632 sanctae
1181 3583 1270 3633 matris
1291 3583 1379 3634 eccls—
1466 3573 1467 3602 ³

263 3659 329 3709 siae.
368 3655 454 3721 Saepe
479 3653 565 3706 cerlis
593 3671 686 3705 sacrae
715 3654 864 3720 scripturae
890 3655 1006 3721 quuitur
1030 3653 1069 3721 (a.
1096 3653 1174 3706 1198.
1203 3653 1310 3721 1199.),·
1338 3657 1382 3708 uel
1466 3709 1467 3716 ¹

262 3729 336 3796 00191
354 3727 426 3779 dicta
443 3726 524 3794 infert
544 3727 680 3792 (a.1198:
700 3734 730 3778 ut
748 3730 918 3780 necessitatis
938 3730 1072 3796 proprium
1092 3733 1144 3791 est;
1166 3744 1191 3778 a.
1204 3730 1289 3779 1199:
1309 3731 1380 3781 sicut

264 3818 296 3852 ea
317 3807 374 3852 etas
404 3804 494 3866 sepius
513 3803 626 3867 prodiga
656 3807 697 3852 est
726 3809 753 3854 61
779 3801 933 3868 inprovidn3
959 3804 1030 3854 sicut
1054 3818 1096 3853 res
1121 3808 1162 3853 est
1179 3802 1300 3868 inquieta
1318 3803 1377 3854 feli·

264 3872 353 3938 citas).
430 3873 458 3939 2)
483 3873 514 3925 V.
528 3891 560 3940 p.
582 3875 641 3925 146.
662 3892 689 3925 n.
705 3875 729 3926 1.
806 3873 834 3942 3)
855 3891 880 3925 a.
904 3876 982 3927 1197.
1004 3874 1084 3926 1198.
1122 3874 1378 3942 11000960000600

262 3954 329 4000 0016
348 3965 403 3999 6000
422 3946 553 4010 uiolentur,
573 3964 641 4013 quae
661 3966 687 4000 a.
709 3948 788 4000 1195.
811 3949 888 3998 1199.
909 3949 942 4000 dc
960 3949 1056 4000 Isaaco
1081 3957 1183 4001 mortuo
1210 3957 1234 4002 et
1259 3947 1378 4002 restituta

262 4029 422 4074 narrantur.
468 4020 597 4072 Vocabulo
616 4024 707 4085 nostri,
734 4039 783 4088 quo
803 4020 910 4087 saepius
930 4030 1021 4074 anaor
1040 4021 1132 4086 utitur,
1152 4023 1253 4074 litteras
1274 4022 1378 4076 alienas

264 4095 388 4157 indicari,
400 4095 538 4146 Lehmann
544 4112 574 4160 p.
587 4094 631 4147 5⁷.
644 4095 768 4161 opinatus
780 4103 824 4146 est.
852 4093 906 4146 Sed
916 4093 1013 4146 ‘nostri'
1026 4096 1104 4147 etiam
1118 4096 1171 4148 alio
1187 4097 1241 4148 loco
1255 4096 1378 4148 accurrit.

263 4167 293 4234 4)
314 4167 354 4234 CJ.
363 4168 503 4220 Lehmann
517 4186 548 4234 p.
563 4170 596 4219 55
610 4186 664 4234 sqq.
705 4169 759 4230 Qui
776 4169 864 4219 minus
883 4177 951 4220 recte
969 4169 1002 4221 dc
1020 4170 1146 4221 monacho
1163 4169 1377 4222 0100000000

264 4243 368 4310 0691161.
441 4241 470 4309 5)
492 4242 562 4292 Nam
582 4259 650 4308 9066
670 4243 790 4294 01195.
811 4247 835 4294 01
850 4243 929 4293 1199.
948 4243 981 4294 016
990 4242 1087 4294 Isaaco
1105 4241 1263 4309 imperatore
1274 4243 1375 4296 Graeco

262 4325 413 4368 narrantur
430 4313 500 4368 inter
517 4333 544 4367 se
559 4323 692 4383 pupnant.
766 4316 793 4382 6)
812 4315 890 4367 Anno
910 4323 976 4368 00016
998 4315 1075 4367 1204.
1101 4334 1170 4382 quac
1181 4317 1257 4381 falsa
1277 4318 1310 4368 de
1328 4317 1375 4368 im·

258 4398 383 4458 peratore
393 4389 489 4460 100006
498 4390 626 4442 retulerat
636 4390 812 4451 emendasset;
824 4395 853 4441 01
864 4388 894 4440 in
907 4388 1057 4442 recensione
1071 4391 1189 4442 secunda
1198 4399 1261 4442 sunt
1270 4391 1375 4444 6001006.
