2934 4998
344 386 529 439 DIALOGUS
551 386 700 438 CLERIOI
719 385 766 436 ET
784 386 896 438 LAICI.
1123 388 1175 438 319

50 575 210 620 excessus
237 553 377 618 fautores
405 563 437 618 et
465 560 688 639 cooperatores
716 554 821 635 eratis,
848 554 920 620 ideo
942 555 1114 620 convocari
1135 555 1177 619 ad

51 638 246 705 electionem
268 660 333 703 non
355 639 520 704 debuistis.
570 637 721 704 Preterea
748 639 775 702 si
799 638 937 703 vocandi
966 640 1087 722 essetis,
1115 641 1177 705 hoc

50 745 115 824 per
136 723 272 788 nuncios
294 722 364 786 fieri
379 730 571 808 oporteret².
604 723 669 803 Qui
682 732 789 787 autem
804 722 897 787 vobis
912 723 973 787 hoc
988 725 1176 806 nuntiasset,

50 807 108 873 rlle
132 831 229 874 suum
249 830 269 872 a
289 806 382 872 vobis
409 817 601 871 tormentum
630 807 806 872 certissime
835 817 1061 956 exspectasset.
1111 809 1177 874 Sed

52 894 129 979 quis
150 891 287 958 libenter
307 891 377 956 vult
398 890 501 955 mori?
523 891 646 954 Tamen
669 889 781 956 electio
804 915 866 978 que
901 902 973 957 acta
988 902 1115 957 estnon
1129 903 1177 959 est

50 998 291 1064 usquequaque
320 975 388 1040 sine
412 972 574 1039 nobilibus
603 983 686 1040 terre
712 973 881 1040 celebrata.
944 976 1065 1041 Aderat
1090 979 1177 1043 enim

51 1083 167 1127 comes
197 1061 237 1126 de
260 1060 386 1132 Seine1,
417 1060 546 1124 maioris
576 1058 710 1124 ecclesie
739 1058 924 1142 advocatus,
955 1062 1047 1125 cuius
1096 1063 1177 1129 rima

49 1168 122 1211 vox
152 1156 202 1212 est
230 1145 264 1208 in
295 1166 428 1208 assensu
456 1143 638 1229 prestando.
688 1143 811 1209 Aderat
840 1144 907 1208 dux
937 1144 976 1210 de
998 1083 1175 1233 Limhurg²

51 1241 87 1296 et
109 1228 166 1294 alii
187 1229 309 1295 nobiles
332 1225 558 1327 quamplures
581 1237 612 1293 et
624 1227 772 1375 populus
793 1227 912 1293 multus
933 1230 1039 1294 nimis.

142 1315 270 1378 Laicus.
322 1315 374 1378 Tu
401 1313 490 1396 dicis,
542 1314 596 1376 uia
636 1326 763 1378 autores
792 1315 860 1378 eius
882 1336 1023 1379 essemus
1052 1323 1083 1380 et
1103 1317 1175 1382 ideo

49 1400 170 1463 vocari
183 1398 225 1463 ad
240 1397 429 1464 electionem
442 1419 508 1461 non
521 1335 722 1462 deberemus.
755 1397 870 1462 Nonne
884 1399 998 1462 merito
1014 1400 1044 1464 ei
1058 1401 1176 1482 favere,

52 1483 212 1549 adherere
234 1491 266 1547 et
286 1483 405 1548 servire
427 1479 593 1563 debemus,
616 1482 669 1546 cui
690 1481 868 1546 hominium
890 1482 1025 1548 fecimus
1047 1493 1079 1548 et
1098 1485 1175 1550 fide·

49 1565 178 1632 litatem
199 1565 398 1632 iuravimus?

144 1650 296 1717 Clericus.
329 1652 388 1733 Ita,
405 1649 558 1737 quamdiu
572 1651 691 1714 iustum
706 1659 788 1733 erat3
811 1651 868 1715 sed
882 1651 1010 1737 quando
1026 1652 1174 1718 dominus

49 1757 144 1822 papa
163 1757 222 1801 vos
243 1738 284 1801 ab
307 1736 376 1800 eius
397 1732 550 1800 fidelitate
571 1733 753 1799 absolverat
774 1745 805 1798 et
825 1736 1039 1802 iuramentum
1052 1736 1175 1803 relaxa-

50 1828 156 1900 verat,
178 1842 236 1885 vos
259 1821 288 1885 ei
310 1820 350 1884 de
372 1830 476 1885 cetero
498 1817 650 1882 adherere
671 1840 735 1881 non
757 1818 922 1883 debuistis.

142 1904 268 1971 Laicus.
311 1906 442 1969 Poterat
462 1924 519 1967 nos
541 1925 627 1989 papa
648 1925 668 1966 a
688 1903 866 1968 iuramento
888 1902 1062 1982 absolvere,
1088 1906 1175 1993 quod

51 2010 116 2053 nos
137 1989 229 2071 iuste,
251 1989 337 2053 licite
358 2010 396 2052 ac
418 1987 524 2052 debite
569 1986 766 2052 restitimus?

143 2071 297 2139 Clericus.
339 2074 470 2137 Poterat
492 2009 622 2172 quidem
644 2072 678 2135 in
699 2070 760 2134 hcc
782 2070 926 2136 articulo.
971 2071 1064 2139 Sicut
1089 2076 1175 2139 enim

56 2156 193 2242 dignum
216 2158 362 2223 ordinare
385 2165 417 2222 et
438 2161 625 2220 confirmare
646 2165 753 2242 potest
773 2156 970 2242 episcopum,
998 2158 1043 2222 ita
1072 2168 1104 2224 et
1127 2160 1174 2222 in-

56 2240 191 2327 dignum
214 2251 319 2328 potest
340 2241 619 2306 excommunicare
641 2250 673 2304 et
701 2240 871 2325 deponere.
922 2240 966 2306 Et
990 2242 1074 2307 sicut
1100 2266 1175 2308 eum

54 2335 163 2411 potest
185 2326 354 2412 deponere,
376 2327 422 2388 ita
443 2347 570 2412 quoque
593 2324 737 2389 subditos
759 2345 834 2388 suos
849 2322 890 2387 ab
907 2327 974 2390 eius
993 2326 1175 2394 obedientia

56 2419 88 2475 et
109 2408 264 2476 fidelitate
285 2419 391 2496 potest
411 2407 577 2474 absolvere
600 2418 633 2473 et
653 2406 695 2472 ab
718 2409 805 2473 omni
825 2409 1003 2475 iuramento
1028 2409 1172 2483 liberare.

55 2494 102 2559 Et
122 2494 183 2559 hoc
205 2517 245 2560 ex
269 2503 425 2581 potestate
447 2493 508 2558 sibi
529 2517 550 2558 a
571 2493 642 2558 Dec
665 2493 789 2573 tradita,
817 2491 916 2559 veluti
937 2505 1044 2560 textus
1071 2517 1174 2561 ewan-

57 2577 134 2728 gellii
159 2578 262 2664 docet,
287 2579 343 2645 ubi
368 2579 464 2643 Petro
493 2578 624 2644 dicitur:
657 2579 701 2641 Et
732 2580 791 2642 tibi
824 2579 907 2644 daho
940 2578 1047 2645 clocca
1078 2583 1338 2668 repatriaturum.

55 2687 87 2730 ce
102 2687 204 2729 orum.

141 2748 267 2812 Laicus.
311 2747 369 2828 Sit,
392 2746 479 2834 quod
501 2769 518 2811 e
543 2748 699 2833 iscopum,
721 2756 841 2831 quanto
863 2747 904 2812 ad
922 2745 1175 2815 ecclesiasticum

57 2834 106 2898 ius
135 2834 256 2915 attinet,
284 2833 376 2898 nobis
398 2769 584 2897 absentibus
614 2852 819 2917 quocumque
840 2831 936 2897 modo
965 2830 1080 2918 eligere
1102 2857 1174 2920 pos-

56 2919 147 2984 setis:
170 2917 330 3005 quomodo
353 2916 478 2998 ducem,
501 2917 591 2979 cuius
613 2926 661 2980 est
680 2913 830 2980 secularis
844 2916 982 2998 iusticia,
998 2919 1066 2984 sine
1080 2918 1174 2984 nobis

57 3011 89 3068 et
109 3010 218 3067 nostro
241 3023 399 3066 consensu
420 3001 513 3066 nobis
534 3000 689 3087 preficere
704 2999 879 3084 poteratis?

142 3084 294 3155 Clericus.
328 3087 491 3150 Patienter
511 3084 587 3148 audi
608 3105 669 3166 me,
692 3093 724 3148 et
745 3106 762 3146 e
786 3105 804 3148 o
827 3092 859 3146 te
881 3083 1060 3168 expediam.
1094 3085 1174 3152 Erat

56 3170 99 3235 ali
122 3170 229 3235 nando
257 3179 394 3256 tempus,
424 3192 498 3234 curn
526 3169 731 3254 episcopatus
759 3105 959 3233 dolomensis
987 3178 1019 3233 et
1040 3169 1173 3235 ducatus

58 3193 257 3321 Coloniensis
279 3277 343 3319 non
365 3254 406 3319 ab
430 3274 492 3318 uno
516 3263 551 3317 ut
571 3273 667 3332 nunc,
690 3251 788 3316 seda
811 3251 937 3316 duobus
959 3252 1096 3318 dominis
1118 3255 1172 3318 ha-

56 3341 224 3422 bebantur,
252 3349 284 3404 et
310 3362 392 3403 unus
421 3337 548 3403 illorum
578 3335 848 3422 archiepiscopus,
882 3335 961 3400 alter
995 3359 1072 3402 vero
1105 3337 1173 3402 dux

59 3423 279 3491 Coloniensis³
300 3424 483 3504 dicebatur3
507 3433 583 3487 tunc
598 3421 812 3507 episcopatus,
836 3422 920 3486 sieut
935 3432 967 3486 et
980 3444 1075 3504 nunc,
1090 3444 1168 3487 non-

56 3511 118 3574 nisi
153 3531 187 3573 er
198 3507 385 3573 electionem
395 3506 581 3587 habebatur,
594 3505 729 3570 ducatus
739 3527 815 3570 vero
827 3526 891 3569 non
901 3527 962 3591 per
975 3503 1171 3589 electionem,

57 3592 114 3660 sed
163 3593 331 3658 creditario
361 3593 430 3656 iure
456 3613 516 3678 per
542 3590 777 3654 successionem
804 3589 956 3656 heredum
987 3589 1171 3674 tenebatur;

56 3677 141 3744 etsi
168 3677 295 3763 quando
322 3676 439 3742 herede
466 3675 579 3756 caruit,
600 3676 634 3737 in
660 3695 775 3737 manus
804 3674 1005 3759 imperatoris
1033 3674 1170 3752 devenit,

56 3763 178 3847 etipse
200 3763 252 3826 cui
274 3760 401 3826 volebat
423 3782 496 3824 eum
519 3757 667 3840 contulit,
692 3758 775 3823 sicut
786 3757 863 3824 Otto
886 3759 1062 3908 imperator
1081 3757 1171 3824 illum

55 3847 146 3912 fratri
173 3867 232 3909 suo
259 3844 405 3910 Brunoni
429 3843 670 3929 archiepiscopo
701 3853 732 3906 et
761 3839 893 3907 ecclesie
952 3840 1106 3907 oloniensi
1136 3845 1171 3907 in

55 3939 245 4018 perpetuum
267 3929 434 3995 concessit.
468 3926 551 3994 Cum
572 3927 670 4012 igitur
691 3926 825 3992 ducatus
846 3949 1021 4014 numquam
1036 3928 1171 3992 antehac

56 4093 78 4146 ι)
96 4097 227 4146 opporteret
242 4106 259 4136 e.

58 4245 84 4312 1)
108 4247 252 4300 Heinricua
278 4245 344 4308 111,·
374 4263 399 4297 c.
425 4243 613 4305 Wiakelmcao,
637 4239 753 4306 ‘Philipp
782 4242 840 4292 aad
870 4239 936 4293 Otto'
960 4240 985 4307 I,
1006 4260 1037 4310 p.
1064 4243 1117 4293 367
1141 4261 1168 4294 o.

57 4320 86 4385 2)
103 4321 254 4373 Heinrteua.
329 4323 357 4384 3)
369 4319 445 4370 Haec
464 4315 550 4368 orioro
569 4323 637 4368 recte
655 4313 728 4366 dicta
747 4332 809 4380 ease,
829 4312 875 4366 cia
895 4323 932 4367 cst
951 4318 1022 4383 qued
1040 4334 1167 4370 moneam.

55 4394 97 4447 De
115 4395 215 4447 ducatu
233 4391 403 4447 hoctar-tensi
421 4390 545 4442 Brunoni
563 4405 682 4442 concesso
702 4405 785 4440 aerum
804 4396 850 4440 est.
