2934 4998
313 400 368 450 ata
453 398 642 452 cflaortlcn
661 398 775 451 REGIA
795 396 1047 449 COLONIENSIS.
1068 396 1173 448 GONT.
1183 396 1217 448 V.
1236 394 1359 447 arato.
1456 377 1458 438 l

313 567 541 649 Brabantinus,
562 564 696 631 collecta
710 587 807 628 manu
822 566 962 651 copiosa,
983 587 1058 629 cum
1073 564 1155 628 duce
1172 562 1213 628 de
1228 559 1424 627 Nanscedic¹

314 660 347 716 et
378 650 485 715 multis
518 659 583 715 tam
612 649 745 716 Gallicis
774 672 870 735 quam
899 648 1128 714 Teutbonicis¹¹
1161 657 1303 711 castrum
1333 642 1428 708 arehi-

313 757 332 800 e
355 735 458 820 iscopi
477 733 659 799 Lechenich
682 733 816 816 obsidet,
837 732 1058 799 assistentibus
1081 732 1144 797 sibi
1166 730 1291 795 civibus
1305 731 1336 792 A
1358 749 1427 792 uen-

314 841 343 883 sr
367 841 405 883 us
428 829 460 884 et
480 817 550 882 aliis
571 816 802 904 imperialibus.
845 817 972 882 Interea
993 816 1111 881 milites
1127 815 1253 879 comitis
1270 813 1310 879 dc
1359 822 1425 876 onte

314 925 388 968 cum
411 900 605 989 quibusdam
627 902 829 988 imperatoris
856 899 1040 965 bominibus
1064 899 1224 964 adiunctis
1254 898 1427 983 presidium

313 986 548 1073 archiepiscopi
580 988 672 1050 iuxta
699 984 847 1050 Medeme
875 984 1037 1049 firmatum
1065 984 1197 1070 inopino
1225 979 1347 1046 insultu
1398 1002 1427 1044 er

314 1070 424 1136 dolum
444 1069 530 1135 facto
554 1071 686 1155 capiunt
701 1080 732 1135 et
747 1067 887 1138 diruunt.
924 1067 1134 1167 Archiepisco
1159 1089 1197 1130 us
1220 1077 1339 1147 autem,
1361 1003 1428 1150 plus

313 1155 569 1240 magnanimitati
592 1152 683 1218 solite
704 1174 802 1239 quam
823 1153 939 1217 rationi
961 1175 1070 1239 premo
1092 1153 1126 1215 in
1170 1172 1208 1215 oc
1231 1172 1312 1215 casu
1332 1146 1427 1213 indul-

314 1260 412 1324 gens,
442 1259 613 1386 aggressus
640 1236 804 1318 difficilia,
836 1235 927 1302 villas
962 1238 1048 1301 circa
1076 1247 1215 1300 castrum
1241 1233 1427 1299 Bensburlm

314 1343 388 1386 curn
409 1320 461 1386 val
484 1345 502 1386 e
523 1323 637 1408 paucis
658 1320 809 1401 incendit,
837 1321 895 1385 sed
916 1343 936 1384 a
957 1321 1171 1385 castrensibus
1194 1319 1427 1382 circumventus

313 1407 348 1470 in
369 1404 502 1470 maxilla
521 1404 715 1471 vulneratur.
758 1405 834 1490 Ipse
855 1426 931 1470 vcro
959 1404 1084 1469 fortiter
1110 1402 1313 1467 adversarios
1335 1401 1428 1486 repri-

314 1512 415 1571 mens,
437 1490 503 1553 suis
525 1488 586 1553 sibi
602 1510 696 1574 opem
714 1498 917 1554 constantcr⁰
931 1488 1116 1567 ferentibus,
1138 1509 1203 1551 non
1225 1487 1296 1552 sine
1317 1485 1429 1549 damno

337 1572 516 1638 uorundam
544 1594 675 1637 suorum
705 1573 822 1638 evadit.
866 1571 1047 1672 Statimque
1079 1581 1154 1658 post
1184 1569 1267 1634 hec‘1
1301 1569 1428 1633 transito

313 1595 436 1738 Steno,
461 1658 554 1743 quasi
568 1679 634 1720 non
649 1657 818 1720 immemor
831 1656 967 1741 antiqui,
989 1665 1110 1720 rmmc⁶
1125 1655 1263 1719 recentis
1280 1652 1429 1730 vulneris,

313 1762 403 1807 arma
425 1741 520 1827 capit,
552 1739 826 1888 quamplurimos
853 1740 946 1804 iuxta
966 1738 1055 1804 aliud
1077 1748 1217 1803 castrum
1239 1735 1429 1802 Bedeburm

314 1848 388 1890 cum
427 1847 504 1890 arva
517 1847 616 1889 manu
630 1847 672 1888 au
695 1834 784 1889 acter
797 1822 1243 1900 assiliens;ubiFridericum
1259 1821 1429 1906 deRyffer-

315 1847 471 1989 scheidts,
494 1908 660 1972 dominum
683 1909 788 1990 castri,
810 1909 915 1971 virum
936 1906 1076 1972 nobilem
1097 1915 1130 1971 et
1143 1927 1338 1992 pugnacem,
1360 1905 1429 1970 leta

313 1992 386 2058 liter
400 1991 614 2073 vulneratum,
629 2001 661 2056 et
674 1990 782 2078 plures
797 1990 886 2073 alios,
901 1990 977 2057 licet
991 1990 1153 2056 laboriosa
1167 2011 1289 2077 pugna,
1305 1989 1427 2055 tamen¹¹

313 2085 447 2163 propter
473 2098 641 2141 numerum
671 2081 801 2140 su'orum
829 2075 926 2160 longe
955 2077 1110 2140 minorem
1139 2073 1328 2158 magnifica,
1364 2095 1428 2158 cap-

312 2162 396 2226 tivos
418 2169 566 2246 potenter
587 2159 727 2225 abducit.
771 2160 860 2223 Dum
882 2159 941 2224 hec
963 2168 1111 2245 aguntur,
1133 2157 1249 2222 milites
1271 2158 1311 2222 de
1330 2159 1427 2223 West

310 2243 423 2393 phalis
443 2242 575 2329 plurimi
602 2242 786 2307 adunantur
816 2244 858 2308 ad
887 2243 1072 2307 solvendam
1102 2241 1306 2308 obsidionem
1338 2241 1428 2306 castri

337 2327 561 2394 eLechenich.
607 2326 672 2392 Sed
694 2336 769 2392 ante
790 2328 935 2412 ipsorum
957 2327 1129 2391 adventum
1152 2347 1218 2411 pax
1240 2326 1325 2389 inter
1348 2325 1427 2389 dom·
1457 2361 1458 2370 κ

313 2434 391 2476 num
420 2412 697 2497 archiepiscopum
726 2421 758 2475 et
784 2411 900 2476 ducem
923 2410 1156 2475 Brabantinum
1183 2419 1215 2473 ct
1242 2409 1427 2494 complicesi

313 2517 389 2562 suos
417 2497 600 2577 intervenit,
634 2517 697 2581 que
721 2495 850 2559 demum
879 2493 1045 2559 firmatur&
1074 2503 1107 2558 et
1134 2503 1354 2558 conservatur.
1394 2495 1427 2558 Iu

313 2582 405 2645 cuius
426 2580 517 2665 pacis
538 2579 774 2643 firmamentum
797 2600 888 2644 soror
909 2578 1019 2642 domni
1041 2577 1276 2663 archiepiscopi
1297 2577 1427 2642 traditur

313 2666 430 2750 nuptui
450 2662 612 2749 Adolpho,
635 2662 700 2727 iilic
724 2663 851 2727 comitis
874 2661 913 2726 de
928 2662 1038 2726 Monte
1061 2662 1133 2760 qui¹
1156 2671 1188 2726 et
1209 2661 1277 2724 dux
1293 2660 1335 2725 de
1351 2662 1427 2726 Lim·

315 2747 433 2830 burcb,
467 2756 499 2812 et
529 2746 684 2813 medietas
717 2749 814 2810 castri
841 2746 1017 2811 Tuitiensis
1050 2746 1154 2810 erdem
1188 2742 1365 2830 Adelph0⁴
1399 2747 1426 2808 in
1456 2817 1457 2828 ἢ

314 2831 477 2897 feudumm
510 2830 703 2914 assignatur.
747 2829 809 2893 His
841 2831 991 2928 peractis,
1026 2828 1184 2894 dissensio
1217 2829 1321 2894 oritur
1354 2832 1427 2894 inter
1456 2835 1457 2902 ἶ

315 2914 470 2981 domnum
484 2913 761 3000 archiepiscopum
784 2922 816 2977 et
831 2911 1140 2980 c1ves-Oolonienses
1162 2935 1201 2978 su
1226 2935 1260 2978 er
1274 2936 1324 2996 eo,
1350 2911 1425 3001 quod
1456 2957 1457 2968 i

312 3000 406 3064 iuxta
436 2998 683 3098 promissionem
715 2996 778 3061 sibi
810 2996 929 3062 factam
964 2999 998 3061 in
1029 2999 1158 3084 incepta
1214 2995 1327 3062 deliter
1362 3019 1426 3062 cum
1456 2999 1457 3068 ἶ

313 3081 556 3169 archiepiscopo
588 3103 654 3145 non
682 3090 943 3167 perseverassent
973 3103 1011 3144 us
1036 3103 1075 3145 us
1106 3081 1149 3145 ad
1180 3081 1278 3145 finem
1308 3104 1425 3166 guerre.

313 3166 408 3231 Unde
431 3165 639 3232 colonienses
660 3164 823 3229 instruunt
843 3186 942 3229 naves
964 3103 1096 3230 bellicas
1128 3187 1246 3250 magno
1273 3174 1425 3251 apparatu

313 3250 356 3315 ad
370 3273 404 3316 se
418 3249 564 3316 tuendos.
606 3247 671 3314 Sed
686 3248 798 3313 eadem
813 3247 970 3314 dissensio
985 3249 1102 3335 partim
1117 3272 1177 3334 per
1190 3247 1425 3334 replicationem

314 3333 552 3400 Coloniensium
574 3355 670 3419 super
691 3355 740 3416 co,
764 3331 850 3418 quod
872 3353 1060 3397 succursum
1079 3333 1324 3418 archiepiscopo
1349 3333 1424 3398 exbi-

313 3418 458 3486 buissent
478 3420 630 3484 hactenus
652 3417 719 3480 suis
741 3415 998 3480 antecessoribus
1020 3437 1085 3479 non
1106 3418 1285 3503 prestitum,
1315 3418 1425 3504 partim

314 3525 372 3588 per
392 3501 611 3567 mediatricem
633 3501 805 3586 pecuniam
827 3521 888 3563 con
912 3500 1042 3564 uievit⁵.

398 3585 474 3669 Ipso
495 3605 579 3648 anno
594 3582 857 3669 archiepiscopus
908 3582 1182 3668 agdeburgensis⁶
1205 3594 1237 3649 et
1258 3585 1423 3672 episcopus

312 3764 336 3816 a)
353 3762 490 3806 'teutonicis
505 3764 557 3806 Dt.
609 3763 633 3814 b)
648 3764 786 3813 Bemburgh
802 3763 853 3810 Μ,
908 3762 929 3812 c)
947 3768 1079 3805 constantes
1095 3775 1163 3815 opem
1179 3765 1231 3808 Da.
1277 3764 1307 3816 d)
1324 3767 1369 3807 hoc
1383 3765 1424 3805 M.

313 3823 336 3876 a)
353 3825 429 3864 denuo
446 3822 493 3866 Bt.
567 3819 724 3872 ilBedebnrs
741 3824 789 3862 Da.
866 3820 890 3874 g)
906 3823 1068 3864 Reifferschslt
1083 3823 1133 3866 Da.
1204 3821 1229 3874 h)
1245 3829 1294 3865 tum
1311 3833 1424 3866 munerun

312 3893 406 3923 snorum
422 3882 493 3930 longo
509 3881 621 3920 minorem
637 3881 760 3929 magnifice
776 3881 828 3921 Μ.
889 3878 907 3932 i)
922 3883 1052 3932 complures
1068 3882 1118 3923 Dr.
1177 3881 1202 3932 k)
1219 3882 1423 3924 confirmaturos.

311 3940 330 3994 l)
345 3942 423 3982 Monte
439 3944 462 3981 ot
477 3940 541 3980 duots
558 3939 587 3979 de
603 3939 629 3980 L.
646 3940 698 3979 Dl.
759 3937 791 3990 m)
808 3939 833 3979 ln
850 3941 918 3980 leudo
934 3941 984 3980 Da.

314 4088 343 4155 1)
358 4087 468 4155 Nonam
487 4089 553 4140 duca
565 4086 662 4140 scilicet
672 4087 863 4154 Lctbctinyiac
875 4088 1021 4155 tumamoris
1031 4089 1169 4142 Mattiaco
1177 4089 1219 4141 ΙΙ.
1232 4091 1267 4142 Α.
1305 4091 1335 4157 2)
1347 4092 1422 4142 Beat-

314 4160 383 4226 bary.
458 4160 486 4226 3)
506 4160 641 4227 Bcdbarq.
716 4161 747 4227 4)
765 4161 918 4226 Diplomctc
936 4161 963 4213 d.
980 4162 1008 4213 d.
1028 4162 1054 4214 2.
1073 4180 1109 4214 m.
1124 4161 1195 4229 Sept.
1217 4163 1420 4229 archiepiscopus

312 4249 367 4283 aon
386 4229 518 4299 adopto,
537 4234 585 4285 scd
601 4231 729 4297 Heraea,
753 4233 830 4298 patri
854 4235 918 4298 cius,
946 4233 1028 4286 castri
1050 4234 1191 4288 Tuitt'cttst's
1216 4234 1422 4288 medicamentis

305 4303 424 4370 feudum
442 4306 573 4368 concedit5
591 4305 741 4359 Lacomblct
753 4305 795 4370 Π,
811 4323 844 4373 p.
864 4307 925 4359 128.
961 4305 989 4359 0.
1065 4307 1095 4375 6)
1115 4309 1145 4359 V.
1171 4309 1238 4375 dipel.
1256 4307 1373 4360 Oouradi
1394 4307 1420 4358 dt

313 4376 775 4445 dieat.m.1utit‚ttid.p.1at.
810 4377 837 4430 0.
914 4378 942 4445 6)
965 4380 1144 4433 thbrottdus.
1175 4382 1209 4433 A.
