2934 4998
298 395 352 446 822
572 390 758 444 DIALOGUS
779 388 928 441 caurum
947 389 995 440 ΕΤ
1013 389 1121 440 LAICI.

137 563 473 651 mmadecipinnt.
515 559 575 623 Isti
595 565 678 639 sunt,
694 554 734 621 de
750 554 866 642 quibus
888 555 1007 619 veritas
1028 554 1119 620 dicit:
1149 556 1290 622 Veniam
1306 555 1351 620 ad
1364 577 1411 620 vos

299 651 338 714 ia
371 645 509 712 vestibus
541 646 660 723 ovium,
691 643 891 706 intrinsecus
924 649 1030 704 autem
1061 650 1138 703 sunt
1165 640 1240 726 lupi
1268 662 1413 725 rapaces.
1447 665 1449 680 ι

302 728 473 814 Quomodo
505 738 613 794 autem
639 725 704 811 ipsi
735 725 857 789 ratione
886 745 944 788 vos
975 723 1102 805 ducant,
1130 725 1229 788 immo
1282 723 1414 788 uomodo
1447 789 1449 794 .

302 815 466 896 seducant,
482 812 558 876 satis
573 819 707 897 apparet
721 810 755 872 in
769 807 969 894 depositione
984 807 1108 873 abbatis
1122 807 1207 872 illius
1224 807 1264 874 de
1315 819 1416 889 onte¹;

302 899 415 987 quide
430 895 572 997 generali
586 892 721 960 concilio
737 903 816 957 suo*¹
831 892 926 958 rediit
939 893 1109 957 destitutus
1124 902 1257 979 propter
1272 914 1417 972 errorem,

303 1006 400 1072 quem
433 990 518 1046 mter
547 1001 607 1044 vos
642 979 864 1059 seminaverat,
897 985 929 1042 et
960 978 1248 1062 prevaricationem
1281 975 1418 1042 mandati

302 1064 471 1154 apostolici
502 1086 600 1150 super
630 1061 810 1142 interdicto,
842 1060 930 1148 quod
961 1060 1097 1148 predicti
1138 1061 1262 1126 iudices
1305 1063 1419 1125 servari

302 1172 399 1240 prece
424 1158 523 1230 erant,
546 1147 702 1234 quorumb
725 1146 947 1211 auctoritatem
968 1166 1026 1209 vos
1048 1144 1168 1210 nullam
1189 1146 1359 1231 reputatis.

414 1234 512 1298 mens.
563 1232 598 1297 Si
625 1253 684 1296 vos
710 1231 870 1295 iusticiam
899 1229 1069 1294 defenditis
1096 1241 1129 1295 et
1155 1243 1234 1295 nost·
1261 1253 1338 1295 eam
1368 1231 1419 1292 im-

303 1339 495 1406 pugnamus,
518 1317 545 1380 si
567 1337 666 1380 causa
687 1324 795 1379 vestra
816 1314 888 1379 Deo
908 1312 1015 1400 placet
1035 1322 1068 1379 et
1088 1323 1196 1380 nostra
1214 1312 1376 1402 displicet,
1396 1314 1419 1378 si

303 1425 362 1469 vos
384 1412 536 1487 tanquam
558 1397 728 1465 Macbabei
748 1420 809 1485 pro
830 1397 902 1484 lege
924 1398 989 1463 Dei
1010 1399 1101 1463 statis
1123 1408 1155 1464 et
1181 1421 1240 1464 nos
1269 1409 1420 1486 tanquam

305 1487 410 1552 Lisias
433 1497 465 1552 et
487 1484 626 1570 Gorgias
648 1504 719 1548 eam
739 1484 977 1582 persequimur:
999 1505 1057 1547 cur
1078 1505 1137 1548 nos
1153 1494 1344 1570 peccatores
1358 1481 1421 1546 ubi-

307 1592 371 1659 que
392 1590 622 1656 prosperamur
643 1578 675 1634 et
695 1589 754 1632 vos
775 1568 852 1632 insti
874 1567 1035 1632 deficitis?
1058 1567 1135 1651 Cur,
1156 1569 1356 1656 ubicumque
1376 1589 1421 1630 ca·

304 1664 365 1743 put
384 1654 427 1718 ad
449 1652 633 1719 bellandum
648 1653 805 1734 exseritis,
820 1653 919 1717 vestri
933 1649 1103 1717 bellatores
1115 1654 1150 1716 in
1165 1675 1280 1717 manus
1301 1662 1421 1718 nostras

303 1737 497 1806 traduntur?
519 1738 586 1802 Vos
608 1736 763 1822 suffragia
783 1744 965 1801 sanctorum
986 1736 1177 1824 imploratis,
1197 1759 1256 1801 vos
1270 1746 1420 1824 patronos

304 1824 450 1911 portatis,
470 1844 529 1887 vos
552 1843 646 1886 aures
668 1819 780 1908 populi
802 1819 922 1885 crebris
943 1821 1217 1907 predicationibus
1236 1820 1421 1900 obtunditis,

305 1917 337 1974 et
365 1907 505 1993 dampna
532 1916 638 1972 vestra
672 1903 925 1992 multiplicantur
955 1915 988 1970 et
1014 1915 1175 1971 crescunt:
1207 1915 1309 1994 puto,
1341 1903 1419 1994 quod

306 2014 371 2057 non
391 1992 474 2140 iunge
494 1990 654 2072 iudicatis,
675 1988 732 2054 filii
753 1989 929 2072 hominum,
949 2011 1008 2054 vos
1029 1992 1132 2056 iustos
1154 2000 1187 2055 et
1206 2012 1265 2056 nos
1290 1991 1421 2055 iniustos

304 2100 340 2142 re
364 2085 441 2140 utan
465 2097 494 2140 o.

340 2099 361 2162 p
394 2159 546 2226 Clericus.
594 2156 795 2242 Augustinus
821 2158 856 2221 in
905 2166 996 2222 uarto
1023 2156 1104 2223 libro
1134 2158 1173 2223 de
1203 2159 1338 2224 civitate
1363 2157 1421 2222 Dei

308 2245 405 2312 dicit:
428 2245 496 2309 Hoc
519 2251 565 2307 est
592 2243 771 2308 communis
802 2180 933 2326 queriln
957 2245 1100 2308 omnium
1121 2245 1293 2326 iustorum,
1347 2265 1422 2307 aare

306 2330 404 2396 mulia
431 2338 558 2393 tantam
587 2325 700 2408 licoat,·
722 2335 755 2390 et
786 2335 900 2412 postea
920 2326 1043 2391 subdit:
1069 2325 1164 2402 Quod
1184 2329 1282 2392 iustis
1299 2265 1345 2393 ad
1362 2329 1421 2393 ini-

308 2417 383 2501 quis
406 2414 548 2478 dominis
569 2413 752 2496 irropotar,
774 2434 842 2476 aon
864 2421 909 2475 est
926 2434 1016 2496 perra
1038 2414 1198 2494 criminis,
1213 2414 1270 2478 sed
1289 2433 1421 2478 eceman

308 2501 450 2566 rimatis.
482 2496 605 2560 Verum
627 2503 684 2576 est,
706 2503 796 2559 actus
818 2495 918 2560 vestri
931 2516 1100 2580 prosperos
1115 2494 1234 2560 habent
1247 2517 1420 2576 successus,

309 2594 341 2648 et
362 2582 434 2646 ideo
456 2578 549 2644 nobis
570 2577 739 2644 insultatis.
781 2579 853 2644 Rex
873 2579 1053 2644 Antiochus
1074 2581 1176 2645 iustus
1197 2603 1262 2644 non
1289 2591 1370 2662 erat,
1393 2589 1421 2644 et

308 2676 416 2732 tamen
436 2664 646 2750 prosperitate
667 2661 784 2727 floruit.
820 2662 880 2728 Iob
894 2663 1030 2728 iniustus
1043 2685 1109 2729 non
1123 2674 1201 2748 erat,
1218 2675 1250 2730 et
1263 2663 1420 2752 flagellum

307 2771 423 2850 passus
444 2759 501 2812 est.
534 2744 644 2829 Attila,
668 2749 724 2833 qui
745 2757 814 2811 erat
833 2746 994 2833 flagellum
1005 2748 1078 2831 Dei,
1101 2751 1195 2814 sicuti
1213 2759 1246 2815 et
1258 2771 1320 2814 vos
1342 2750 1422 2830 estis,

307 2832 523 2920 mpugnandis
550 2829 684 2896 urbibus
713 2840 745 2896 et
773 2830 970 2897 debellandis
996 2832 1135 2918 populis,
1167 2832 1230 2899 leto
1260 2833 1423 2900 fruebatur

309 2927 435 2998 eventu,
462 2925 495 2983 et
522 2925 630 2981 tamen
656 2914 786 2980 tandem
814 2915 908 2981 datus
930 2919 1033 2982 estin
1053 2940 1167 2984 manus
1188 2919 1262 2984 Ezii
1313 2919 1421 2984 atricii.

308 3000 452 3068 Iulianus
480 3009 627 3100 apostata
652 3021 848 3087 persequens
876 2999 996 3083 fideles,
1018 3003 1148 3068 tandem
1173 3025 1267 3090 comp
1320 3027 1358 3068 us
1379 3011 1424 3068 est

309 3087 433 3152 dicere:
456 3084 590 3167 ‘Vicisti,
611 3083 800 3149 Nazarene’!
823 3084 911 3166 Quid
933 3084 1092 3171 exultatis,
1119 3089 1237 3170 miseri,
1265 3088 1347 3175 quid
1372 3109 1420 3152 ex·

309 3169 418 3238 tollitis
440 3171 475 3234 in
496 3168 596 3234 altum
618 3190 718 3233 cornu
739 3168 903 3233 vestrum?
926 3169 963 3234 Si
983 3171 1077 3237 vobis
1098 3170 1141 3235 ad
1153 3180 1281 3259 tempus
1298 3173 1420 3239 fortuna

308 3253 479 3336 blanditur,
500 3275 607 3319 nonne
630 3274 706 3318 ceca
727 3253 798 3318 est?
819 3275 925 3319 nonne
947 3254 1036 3320 sedet
1061 3256 1096 3319 in
1123 3256 1217 3321 rota?
1250 3254 1325 3322 Cito
1354 3275 1421 3321 con·

309 3341 454 3421 vertitur,
470 3339 532 3403 cito
555 3338 596 3402 ad
617 3338 683 3401 ima
704 3336 814 3420 trahit;
836 3346 869 3402 et
889 3339 1012 3404 utinam
1032 3361 1096 3404 non
1118 3339 1159 3405 ad
1174 3341 1344 3440 abyssum!
1366 3341 1420 3404 Re·

310 3423 376 3488 dite
406 3423 449 3487 ad
477 3442 541 3504 cor,
568 3421 764 3487 revertimini
793 3420 835 3486 ad
861 3423 962 3489 ubera
982 3424 1093 3488 matris
1114 3424 1257 3506 ecclesre,
1280 3447 1343 3524 que
1362 3424 1421 3490 leto

309 3505 408 3588 vultu,
438 3508 465 3571 si
492 3507 596 3572 redire
623 3503 797 3587 volueritis,
829 3527 886 3570 vos
914 3507 1076 3605 suscipiet,
1105 3508 1181 3595 quia
1201 3509 1357 3594 gaudium
1377 3515 1422 3572 est

311 3591 433 3690 angelis
454 3590 519 3655 Dei
541 3612 639 3676 super
659 3610 723 3653 uno
744 3600 914 3676 peccatore
936 3592 1145 3676 pemtentiam
1166 3602 1291 3679 agente.
1324 3594 1420 3670 Dens,

333 3699 368 3740 ιιι
389 3673 546 3739 illuminat
568 3696 694 3739 omnem
716 3672 877 3740 hominem
899 3677 1082 3740 venientem
1103 3677 1136 3740 in
1157 3675 1243 3742 hunc
1258 3677 1419 3758 mundum,

309 3698 362 3826 dle
384 3781 443 3824 vos
464 3757 621 3824 illuminet
641 3769 673 3823 et
694 3757 817 3823 arderet
836 3756 982 3824 velamen
1005 3760 1045 3825 de
1066 3760 1216 3827 cordibus
1237 3763 1361 3844 vesnia,
1388 3769 1422 3824 nt

310 3843 479 3909 nobiscum
500 3841 632 3908 valeatis
653 3842 763 3908 videre
784 3843 928 3907 rectum!
952 3843 1048 3924 Quod
1068 3847 1138 3932 ipse
1160 3856 1304 3933 prestare
1318 3847 1421 3934 digne

310 3938 363 3994 tur
383 3929 535 4016 quicum
557 3927 652 3992 Patre
674 3938 707 3993 et
728 3925 861 4013 Spiritu,
884 3927 940 4014 qui
960 3928 1042 3994 vivit
1062 3941 1095 3996 et
1115 3939 1228 4016 regnat
1248 3930 1300 3995 dl.

312 4089 335 4144 ιι)
352 4091 730 4133 vocobulumdeemvs'datarofflcto
743 4092 776 4132 aa
787 4092 861 4134 amita.
892 4091 917 4146 b)
926 4103 1023 4142 quarum
1036 4106 1055 4136 a.
1087 4091 1190 4147 c)none.
1220 4093 1382 4143 dtdsustdtxt
1394 4091 1420 4132 B.

314 4221 343 4292 1)
362 4224 522 4295 Alteober93
542 4225 576 4292 cf.
601 4225 782 4278 Wukeonann
802 4226 819 4278 l.
839 4226 855 4280 l.
870 4243 903 4293 p.
922 4228 975 4278 399
994 4245 1022 4281 ιι.
