2934 4998
287 367 345 418 ata
420 364 609 418 CHRONICA
626 364 741 416 asota
761 363 1014 417 COLONIENSIS.
1034 362 1327 416 corruamus.

289 532 509 618 recipiendum
539 530 738 596 sollicitando
771 552 879 615 regem
906 531 1134 601 Francornm1,
1183 531 1274 615 Rege
1302 539 1408 594 autem
1457 557 1459 584 s

289 618 491 682 Francorum
512 615 573 681 hoc
593 624 773 696 recusante,
801 614 925 700 legatus
947 614 1092 679 similiter
1114 612 1298 679 sollicitavit
1319 636 1409 700 quos-

291 700 368 766 dam
391 699 471 764 alios
492 722 527 764 re
551 721 585 764 es
607 709 639 764 et
660 699 836 785 principes3
860 699 916 783 qui
939 720 1058 781 omnes,
1082 698 1215 763 consilio
1238 721 1313 762 cum
1336 697 1409 763 deli-

292 783 458 850 beratione
487 723 607 865 habito,
629 804 688 868 pre
719 782 981 868 magnanimitate
1002 783 1205 868 imperatoris
1232 781 1293 846 hoc
1324 803 1412 847 recu-

292 878 433 934 saronas.
465 866 551 932 Ante
567 865 628 931 hoc
643 877 770 952 tempus
784 867 915 931 miserat
926 888 1014 1013 papa
1030 868 1242 952 magistrumt
1260 865 1414 932 Ottonem

294 951 478 1038 dyaconum
501 949 696 1014 cardinalem
719 949 828 1015 Sancti
844 950 925 1014 Nico
938 951 969 1014 ai
990 951 1024 1013 in
1047 950 1184 1016 Carcere
1206 949 1359 1014 Tulliano
1382 951 1414 1012 in

291 1034 445 1120 Angliam
477 1035 519 1099 ad
554 1033 640 1098 idern
676 1035 842 1118 negotium
875 1034 1012 1120 quadam
1045 1035 1253 1119 proventione
1286 1055 1415 1120 promo·

291 1119 448 1202 rendum,
472 1119 528 1204 qui
551 1117 720 1182 cardinalis
743 1117 899 1183 infinitam
922 1119 1093 1204 pecuniam
1110 1142 1130 1183 a
1143 1119 1291 1204 personis
1313 1116 1414 1182 eecle-

292 1204 430 1269 siasticis
463 1213 495 1266 et
526 1200 750 1268 claustralibus
786 1201 944 1267 subtiliter
976 1203 1152 1288 expetitam
1184 1212 1217 1268 et
1248 1201 1414 1267 obtentam

291 1287 478 1374 reportavit.
501 1287 583 1351 Item
594 1307 691 1372 papa,
711 1287 808 1350 misso
821 1285 1076 1367 Suenebaldo⁰·²,
1092 1287 1208 1351 avertit
1222 1285 1414 1351 Ravennam

292 1371 335 1438 ab
357 1373 560 1458 imperatore,
604 1369 745 1434 nondam
767 1370 819 1436 ei‘¹
834 1368 1062 1436 fidelissimam.
1092 1371 1273 1457 Imperator
1295 1381 1414 1453 autem,

292 1457 399 1520 missis
428 1454 541 1521 litteris
571 1393 612 1519 ah
646 1475 756 1519 omnes
786 1453 935 1532 ecclesias
963 1452 1160 1520 cathedrales
1189 1465 1221 1519 et
1247 1455 1292 1518 ad
1320 1476 1413 1539 reges

293 1540 483 1605 christianos
493 1549 515 1619 ³,
538 1537 665 1623 allegat,
688 1561 721 1603 se
743 1539 860 1604 iniuste
882 1560 901 1602 a
923 1559 1010 1624 papa
1031 1540 1360 1604 excommunicatum.

377 1623 474 1709 Ipso⁹
500 1645 584 1686 anno
613 1621 782 1687 Conradus
806 1620 1006 1687 Coloniensis
1033 1621 1152 1687 electus
1180 1623 1414 1687 dissensionem

291 1707 393 1772 movit
414 1717 525 1770 contra
547 1707 717 1771 comitem⁴
734 1706 928 1771 Seinensem.
974 1705 1040 1786 Qui
1061 1727 1169 1772 comes
1191 1729 1264 1771 cum
1288 1729 1332 1770 ex
1355 1705 1414 1770 alia

291 1793 363 1876 ripa
391 1790 494 1856 Rheni
523 1792 667 1854 exercitu
694 1790 834 1856 adunato
864 1790 1024 1855 inhiberet
1051 1792 1220 1856 transitum
1247 1791 1357 1856 Rheni
1383 1792 1414 1854 in

187 1933 189 1940 ,
292 1885 410 1940 terram
433 1897 523 1938 suam
538 1874 639 1939 electo
656 1873 839 1940 Coloniensi
859 1873 947 1960 apud
962 1873 1108 1939 Bonnam
1123 1877 1305 1957 constituto,
1330 1875 1413 1940 cives

294 1957 505 2023 Colonienses
533 1980 606 2021 cum
639 1957 746 2022 multis
780 1958 918 2022 navibus
950 1960 1081 2023 armatis
1114 1968 1145 2023 et
1176 1960 1345 2045 apparatis
1382 1959 1412 2021 in

294 2040 474 2107 subsidium
494 2041 587 2106 electi
601 2042 748 2105 Bonnam
763 2042 906 2108 celeriter
925 2041 1109 2125 adveniunt,
1126 2054 1259 2129 propter
1274 2064 1412 2130 quorum

294 2125 467 2190 adventum
489 2126 689 2211 inopinatum
710 2137 823 2190 exorta
843 2148 959 2212 guerra
980 2147 1054 2190 cum
1076 2126 1196 2193 honore
1218 2125 1314 2192 electi
1338 2137 1412 2192 tunc

294 2211 448 2308 temporis
471 2210 601 2294 quievit.
645 2209 761 2273 Paucis
783 2210 896 2276 diebus
919 2211 1114 2358 interpositis
1137 2233 1211 2275 cum
1233 2208 1364 2276 cautela
1384 2219 1413 2274 et

295 2292 546 2357 dissimulatione
582 2291 702 2357 electus
738 2294 900 2358 Romam³
935 2317 994 2379 pro
1020 2295 1165 2376 circitur,
1225 2296 1316 2359 aucis
1353 2294 1412 2359 hoc

295 2376 482 2458 scientibus,
504 2390 536 2442 et
556 2376 603 2442 ibi
624 2400 644 2440 a
688 2398 752 2464 apa
775 2377 981 2442 confirmatus
1004 2387 1127 2443 etcum
1142 2378 1198 2443 Wi
1234 2379 1318 2443 elmo
1334 2378 1411 2444 Leo-

294 2461 398 2526 diensi
418 2459 577 2547 postulato
600 2400 746 2524 simditer
767 2461 953 2526 confirmato
975 2484 1084 2527 mense
1104 2463 1197 2527 Iunio
1218 2463 1259 2528 ad
1274 2464 1410 2548 patriam

293 2553 424 2614 remeat.
483 2542 668 2609 Rebellione
705 2553 812 2608 antem
848 2545 1002 2611 nobilium
1038 2555 1122 2610 terre
1158 2555 1269 2611 contra
1306 2549 1410 2633 ipsum

295 2628 432 2696 electum
454 2627 638 2713 pullulante,
667 2627 753 2693 idern
780 2627 898 2694 electus
921 2639 1060 2694 castrum
1082 2630 1257 2712 Tuitiense‚
1287 2632 1411 2696 civibus

296 2710 540 2778 Coloniensibns
562 2713 671 2797 ipsum
693 2711 953 2792 adiuvantibus⁶,
975 2712 1109 2779 viriliter
1132 2726 1280 2801 occupat,
1303 2727 1335 2780 et
1356 2736 1412 2802 per

296 2795 377 2861 duas
404 2817 537 2880 magnas
570 2817 669 2861 naves
700 2819 796 2882 opere
825 2796 976 2861 mirabili
994 2818 1067 2862 cum
1099 2799 1353 2885 propugnaculis
1383 2809 1412 2864 et
1457 2855 1458 2888 ,

294 2877 445 2966 pontibus
467 2890 653 2966 preparatas
674 2889 775 2944 turres
798 2882 921 2946 comitis
937 2882 976 2946 de
991 2882 1100 2946 Monte
1123 2885 1211 2969 capit
1232 2893 1265 2948 et
1285 2883 1411 2966 diruit‘,
1457 2953 1458 2960 χ

295 2973 327 3029 et
347 2985 457 3027 omnes
479 2972 581 3028 turres
611 2964 708 3028 castri
729 2966 918 3050 antiquitate
941 2964 1097 3051 collapsas
1119 2963 1312 3031 reedificans
1335 2968 1411 3032 suis

295 3070 358 3164 (pue
380 3048 549 3146 muniens,
559 3048 672 3112 turrim
689 3047 805 3147 'Sancti
828 3049 1015 3149 lleribertiss
1036 3049 1181 3116 similiter
1202 3049 1409 3149 incastellatl.

294 3134 518 3230 bongregatur
539 3141 647 3217 rtaque
665 3131 739 3195 hmc
761 3132 989 3216 mde¹m1ht1a,
1013 3144 1045 3198 et
1064 3132 1132 3198 dux
1147 3133 1187 3200 de
1201 3134 1409 3219 erburch²,

293 3237 349 3301 qur
371 3224 403 3279 et
424 3236 530 3281 comes
550 3214 590 3280 de
605 3215 725 3296 Monte,
748 3215 883 3281 electum
906 3239 980 3282 cum
1003 3217 1070 3281 suis
1092 3216 1249 3283 militibus
1273 3229 1306 3284 et
1321 3219 1410 3285 Colo·

291 3301 418 3364 nienses
442 3300 529 3364 cirea
557 3298 644 3363 idem
673 3308 813 3365 castrum
842 3299 974 3366 diffusos
1000 3311 1032 3365 et
1062 3299 1182 3366 ibidem
1211 3301 1409 3368 adversarios

293 3496 517 3548 attremant.
549 3497 574 3548 b)
591 3499 622 3539 M.
640 3499 693 3541 Dr.
725 3499 746 3552 c)
764 3499 1227 3552 suusnebsldo12138uan0b21d0122.
1258 3500 1283 3554 d)
1301 3503 1409 3544 sibim.

292 3556 384 3656 lidbiki)
393 3555 443 3655 git.
489 3555 611 3607 odelevit
626 3558 678 3598 Μ.
731 3556 755 3608 g)
771 3558 893 3600 aaronem
910 3558 961 3598 Dt.
1007 3558 1239 3609 murmurillum.
1285 3560 1304 3612 t)
1320 3563 1374 3604 hlnc
1389 3568 1409 3604 et
1451 3565 1456 3588 ·'

294 3763 322 3828 1)
342 3762 403 3814 Non
428 3761 566 3814 Ladooico
585 3763 635 3815 IX.
660 3763 722 3830 ipsi,
742 3765 789 3815 sed
811 3764 900 3831 potius
919 3767 1041 3831 Roda-to,
1063 3766 1153 3834 fratri
1177 3769 1243 3832 eins,
1272 3769 1407 3837 imperium

292 3835 407 3886 oblatum
417 3852 479 3900 osse,
489 3835 657 3888 cerbimilius
667 3845 714 3899 est·
723 3854 748 3888 o.
758 3837 992 3892 Ηιιίἰίανώ-Βνέὶι.
1009 3840 1056 3904 VI,
1068 3842 1149 3895 1087.
1162 3840 1189 3894 0.
1214 3843 1244 3908 2)
1255 3841 1407 3896 Siaiduldos

289 3916 382 3972 postea
397 3925 474 3974 papo
492 3909 587 3960 clectus
605 3909 753 3960 Innocentii
765 3909 818 3961 IV.
837 3929 931 3963 nomen
949 3915 1071 3980 suscepit.
1092 3913 1120 3967 O.
1159 3913 1188 3980 3)
1198 3915 1324 3980 Bb'bmer,
1343 3917 1403 3985 1209.

292 3997 334 4030 nr.
355 3982 418 4032 972.
493 3979 523 4048 4)
542 3981 708 4047 Heinricum.
784 3984 813 4046 5)
832 3983 986 4050 Dt'plomcne
1003 3987 1029 4038 d.
1045 3987 1071 4039 d.
1086 3989 1112 4038 9.
1128 4005 1163 4038 m.
1177 3985 1248 4038 Mais·
1267 3988 1405 4054 capitatam

294 4049 443 4105 Coloniensi!
462 4052 638 4106 venditionem
656 4073 689 4106 m.
704 4053 772 4121 Aps.
784 4057 891 4122 suetam
905 4059 1044 4123 confirmat
1051 4062 1112 4112 viee
1125 4060 1291 4111 venerabilis
1311 4062 1404 4113 domini

293 4123 325 4175 O.
344 4127 501 4178 arehieleeti
520 4129 611 4190 nostri,
631 4129 678 4193 qui
696 4135 759 4178 tune
778 4145 825 4194 pro
845 4133 961 4196 negotiis
982 4133 1098 4184 ecclesie
1116 4133 1175 4186 Col.
1192 4139 1219 4184 et
1237 4135 1294 4185 suis
1313 4135 1403 4200 agebat

291 4197 320 4245 in
345 4199 465 4263 partibus
489 4200 669 4267 hansalpinis.
707 4200 830 4252 Muscam
848 4202 1030 4269 Alsleriunum
1048 4205 1098 4267 XI,
1125 4207 1186 4261 153.
1208 4207 1262 4256 154
1283 4207 1359 4269 (Mac.
1377 4207 1403 4257 in

293 4267 354 4319 bibl.
378 4285 467 4336 gyras.
487 4270 538 4323 cot.
564 4273 601 4324 aa
627 4271 654 4324 S.
676 4272 855 4339 Marcellum).
896 4273 923 4326 G.
999 4276 1028 4343 6)
1054 4277 1083 4328 V.
1104 4277 1170 4344 dipl.
1189 4277 1310 4331 &orodi
1329 4280 1402 4330 1239.

292 4340 346 4391 Iul.
364 4341 405 4392 16.
415 4343 515 4406 dnum,
536 4361 579 4409 ap.
594 4345 745 4398 Lccomblct
760 4346 801 4410 II,
821 4364 864 4398 nr.
884 4348 946 4412 242,
963 4366 991 4414 p.
1007 4351 1068 4401 tao.
1089 4348 1116 4402 O.
1164 4350 1192 4418 t)
1206 4351 1357 4405 Heinricsu.
1370 4350 1401 4404 Α.
