2944 5002
293 391 347 444 328
422 391 572 444 OLIVERI
591 387 748 442 RELATIO
768 390 818 440 DE
838 388 1084 440 EXPEDITIONE
1104 387 1319 442 Damnum.

217 587 283 628 1111,
294 557 426 623 viriliter
448 556 628 644 occupavit,
651 556 719 620 sine
742 555 925 642 capitaneis,
942 555 997 641 qui
1010 553 1173 643 paulisper
1185 557 1303 619 morati
1316 575 1408 640 prop-

294 652 342 707 ter
364 640 483 706 dictam
505 662 636 704 causam
656 638 799 704 nondum
821 639 1025 704 advenerant.
1075 639 1159 704 Fixa
1180 649 1256 704 sunt
1276 641 1409 704 tentoria

292 727 375 790 inter
396 747 483 789 mare
506 734 537 789 et
558 723 665 788 Nilum
687 745 760 787 cum
782 723 992 788 admiratione
1007 745 1124 809 magna
1138 723 1410 811 subsequentium.

293 808 486 875 Incredibile
507 808 666 896 siquidem
687 806 866 889 videbatur,
888 818 1005 872 terram
1021 809 1095 893 capi
1133 829 1203 873 osse
1218 809 1288 872 sine
1303 807 1411 872 labore

294 894 436 958 maximo
466 902 498 957 et
517 891 669 979 periculo.
720 893 840 958 Erecta
867 901 941 956 sunt
967 831 1174 979 postmodirm
1198 893 1413 957 instrumenta

293 975 409 1042 bellica
438 986 549 1041 contra
578 977 690 1043 turrim
718 977 868 1041 Damiate
896 976 1062 1058 famosam,
1092 999 1154 1064 que
1184 998 1221 1040 ca
1245 976 1290 1040 ud
1315 999 1412 1040 unum

294 1071 406 1126 catone
429 1061 620 1144 continebat,
642 1060 820 1147 reliquum³
842 1082 906 1124 una
921 1062 1016 1126 turris
1039 1062 1177 1126 civitatis
1198 999 1243 1126 ad
1263 1058 1413 1125 clauden-

293 1145 369 1210 dum
391 1144 537 1227 fluvium,
560 1168 600 1210 ne
620 1168 719 1210 naves
740 1145 950 1210 ascenderent
971 1145 1223 1210 christianorum.
1254 1145 1322 1212 Sed
1344 1166 1413 1231 pre-

292 1239 342 1294 ter
373 1251 464 1315 spem
496 1241 637 1295 nostram
669 1240 702 1294 et
733 1229 987 1294 adversariorum
1019 1229 1165 1294 timorem
1196 1252 1255 1316 per
1287 1238 1414 1316 partem

292 1311 386 1394 alvei,
416 1335 479 1400 que
507 1325 556 1378 est
586 1315 669 1379 inter
696 1315 811 1378 turrim
838 1323 870 1378 et
895 1324 1013 1378 terram
1035 1336 1145 1378 versus
1168 1323 1275 1378 castra
1299 1312 1414 1378 militie

294 1396 474 1480 christiane,
518 1397 619 1463 alcide
641 1421 768 1462 sursum
791 1398 885 1462 ducte
908 1407 991 1478 sunt,
1012 1397 1088 1462 licet
1107 1399 1203 1462 turris
1230 1398 1413 1464 defensores

293 1481 405 1546 iaculis
438 1491 471 1546 et
495 1421 662 1568 lapidibus
688 1483 858 1546 transitum
913 1481 1059 1546 rohibere
1088 1483 1275 1547 niterentur.
1332 1481 1413 1548 Con-

294 1575 410 1630 structe
433 1575 508 1630 sunt
528 1567 732 1652 postmodum
754 1566 817 1630 due
839 1505 923 1631 scale
946 1589 1042 1652 super
1056 1566 1138 1631 duos
1154 1587 1327 1652 coggones,
1352 1589 1413 1652 que

294 1671 368 1713 cum
389 1649 586 1716 traherentur
614 1652 656 1714 ad
684 1651 807 1732 turrim,
837 1659 870 1715 et
896 1661 932 1715 ut
957 1650 1130 1736 putabatur
1159 1652 1255 1716 turris
1278 1672 1339 1735 per
1360 1673 1412 1715 eas

292 1755 387 1820 posse
409 1737 490 1820 capi,
513 1756 587 1798 cum
603 1733 711 1799 dolore
727 1747 834 1799 nostro
842 1739 967 1820 'magno
983 1746 1015 1800 et
1030 1735 1198 1800 stultorum
1212 1732 1412 1819 blasphemia

292 1816 406 1900 malus,
428 1820 462 1882 in
484 1841 547 1905 quo
571 1841 726 1904 suspensa
747 1818 809 1883 fuit
829 1816 915 1883 scala
937 1818 1200 1904 Hospitaliorum,
1230 1818 1412 1885 confractus

293 1901 408 1966 cecidit
430 1925 503 1966 cum
526 1924 584 1966 suo
630 1904 757 1968 endere.
800 1903 843 1967 Et
863 1901 959 1989 paulo
978 1912 1052 1988 post
1071 1903 1156 1967 scala
1177 1902 1269 1967 ducis
1282 1904 1412 1969 Austrie

293 1985 439 2052 similiter
453 1987 582 2069 decidit,
604 1925 702 2051 litotes
723 1989 887 2072 agonistas
900 1987 1020 2052 Christi
1043 1987 1193 2052 deorsum
1214 1989 1412 2074 precipitans

293 2080 325 2135 ct
346 2093 405 2156 per
425 2071 559 2135 martirii
579 2071 720 2158 palmam
742 2071 784 2135 ad
805 2069 890 2136 celos
913 2071 1048 2142 elevans,
1091 2073 1193 2136 Navis
1214 2094 1292 2136 vero
1308 2075 1411 2154 tertia,

294 2176 391 2240 quam
412 2155 453 2220 de
475 2155 654 2219 clemosinis
675 2157 841 2242 preparari
861 2155 995 2221 fecimus
1011 2179 1085 2220 cum
1103 2156 1358 2243 propugnaculis
1378 2157 1412 2220 in

294 2239 439 2320 circuitu,
463 2260 536 2303 cum
559 2239 720 2306 castellulo
743 2241 864 2305 munito
886 2241 920 2303 in
943 2243 1124 2306 summitate
1140 2240 1216 2306 mali
1231 2243 1301 2304 sine
1317 2239 1412 2323 scala,

293 2345 391 2408 quam
412 2324 603 2389 verebamur
624 2323 827 2412 suspendere,
850 2325 998 2389 timentes
1020 2325 1107 2412 quod
1128 2327 1163 2389 in
1184 2323 1255 2389 aliis
1278 2326 1412 2390 accidit:

293 2407 406 2470 eadem
437 2417 544 2473 tamen
576 2409 677 2473 horab
706 2430 778 2472 cum
805 2407 875 2472 velo
905 2408 1009 2473 delata
1038 2420 1086 2474 est
1114 2409 1156 2474 ad
1183 2420 1327 2495 pontem,
1356 2408 1411 2473 ubi

292 2491 405 2640 {ravis
434 2491 575 2578 dampna
600 2516 660 2579 per
688 2491 878 2576 balistarios,
901 2515 1036 2579 quorum
1058 2496 1186 2579 copiam
1214 2494 1409 2574 continebat,

317 2577 476 2640 arracenis
497 2576 611 2642 intulit.
655 2577 709 2640 Ex
730 2577 865 2642 adverso
886 2577 1105 2642 machinarum
1120 2578 1204 2642 ictus
1219 2579 1408 2663 inportunos

292 2659 449 2743 sustinuit,
471 2683 545 2725 cum
567 2684 683 2760 magno
706 2671 813 2726 tamen
834 2661 953 2726 honore
969 2661 1215 2743 christianitatis,
1240 2661 1318 2726 licet
1336 2663 1408 2748 igne

293 2741 398 2816 Greco
421 2759 566 2831 correpta
587 2746 708 2828 fursset,
729 2744 825 2830 plena
846 2746 969 2830 sagittis
983 2747 1069 2810 intus
1092 2756 1124 2810 et
1144 2745 1230 2827 foris,
1246 2745 1289 2809 ad
1303 2745 1409 2811 locum

293 2848 397 2909 suum,
419 2827 514 2893 salvis
537 2829 685 2894 omnibus
709 2833 765 2916 qui
786 2831 821 2893 in
835 2850 873 2894 ea
882 2841 1120 2977 pugnaverunt,
1136 2832 1283 2916 exceptis
1297 2832 1409 2917 paucis

291 2912 427 2975 mortuis
450 2921 481 2976 et
502 2915 663 2996 sauciatis,
684 2936 750 2978 non
772 2916 840 2980 sine
861 2936 881 2977 a
903 2914 1069 2979 miratione
1085 2915 1257 2978 multorum
1275 2914 1409 2980 reducta

292 2996 423 3080 quievit.
464 2997 673 3062 Postmodum
696 2998 942 3079 considerantes,
965 2998 1051 3084 quod
1071 2999 1166 3063 turris
1180 2998 1335 3063 fortitudo
1350 3021 1409 3064 nec

291 3078 447 3144 machinis
469 3103 528 3145 nec
550 3083 697 3167 petrariis
718 3103 778 3146 nec
799 3080 968 3146 trabuculo
985 3105 1045 3146 nec
1060 3093 1164 3147 1111111
1178 3092 1313 3168 propter
1327 3106 1409 3169 aque

293 3163 542 3229 circumfluentis
570 3165 818 3251 profimditatem
843 3188 902 3232 nec
932 3166 1016 3231 fame
1053 3175 1185 3253 propter
1210 3167 1409 3232 vicinitatem

290 3269 351 3311 nec
379 3248 587 3313 1111111111111ο
608 3259 739 3337 propter
760 3251 866 3335 operis
899 3250 1139 3338 spissimdinem
1161 3260 1193 3315 et
1223 3253 1409 3336 angustiam

291 3330 393 3395 insule
416 3332 456 3396 de
483 3332 570 3397 facili
596 3347 705 3419 posset
731 3335 814 3420 capi,
836 3335 908 3398 Deo
937 3335 1030 3399 nobis
1057 3335 1306 3418 demonstrante,
1329 3335 1409 3402 duos

292 3436 452 3501 coggones
483 3419 635 3503 conpingi
663 3419 796 3482 fecimus
826 3429 857 3482 et
882 3420 982 3483 instar
1008 3421 1103 3484 castri
1127 3419 1294 3484 fortissimi
1322 3442 1409 3485 com-

291 3501 417 3584 muniri,
429 3499 700 3567 Theutonicorum
715 3513 746 3567 et
760 3504 932 3566 Frisonum
946 3504 979 3565 in
994 3501 1104 3568 haere
1120 3502 1250 3568 consilio
1265 3506 1408 3570 maxime

292 3584 343 3647 usi
370 3592 402 3648 et
430 3585 560 3650 auxilio.
615 3587 653 3651 In
681 3589 863 3651 summitate
892 3597 1029 3673 quatuor
1058 3587 1214 3653 malorum
1241 3587 1408 3653 castellum

290 3669 450 3733 ereximus
478 3667 595 3734 tabulis
624 3671 658 3734 in
693 3670 851 3756 quadrum
880 3692 940 3735 con
965 3681 1082 3754 actum,
1117 3694 1212 3758 opere
1240 3672 1408 3740 reticulato

198 3807 200 3814 ,
290 3761 485 3834 contextum,
507 3763 619 3818 contra
639 3755 802 3818 machinas
818 3755 911 3819 coriis
926 3694 1116 3840 obductum
1140 3769 1251 3821 contra
1264 3757 1407 3822 furorem

288 3836 372 3920 ignis
395 3837 507 3902 subtus
530 3836 616 3902 scala
637 3861 793 3938 suspensa
820 3838 882 3903 fuit
902 3838 992 3905 fortis
1014 3851 1046 3905 et
1066 3840 1131 3905 lata
1159 3851 1246 3907 tante
1267 3839 1405 3926 longitu-

288 3920 380 4003 dinis,
402 3931 438 3986 ut
459 3922 589 4006 triginta
610 3923 725 3988 cubitis
747 3944 875 4010 prorem
891 3923 1071 3990 excederet.
1107 3925 1261 4011 Adeoque
1276 3925 1405 3989 firmum

289 4013 322 4068 et
343 4016 598 4070 consummatum
621 4029 701 4093 opus
722 4008 879 4094 apparuit,
909 4020 945 4073 ut
972 4009 1013 4074 ad
1041 4011 1235 4095 peticionem
1262 4020 1403 4075 nostram

288 4090 449 4186 principes
471 4091 631 4156 exercitus
652 4093 798 4157 nunctios
820 4114 894 4157 suos
916 4092 1091 4179 dirigerent
1111 4094 1153 4158 ad
1175 4092 1352 4158 videndum
1374 4104 1404 4159 et

287 4170 506 4258 mdicandum,
533 4185 641 4240 utrum
667 4174 790 4263 aliquid
817 4177 907 4264 operi
935 4177 1068 4261 deesset,
1105 4176 1192 4264 quod
1222 4179 1405 4263 sumptibus

287 4333 311 4387 a)
328 4336 427 4386 reliqum
442 4349 460 4377 a.
503 4337 543 4401 nb)
560 4349 601 4380 ora
615 4350 672 4381 corr.
689 4340 746 4381 hora
760 4351 779 4382 a
840 4339 861 4393 c)
877 4340 1003 4383 suffoslone
1018 4352 1036 4382 c.
