2934 4998
309 409 362 458 262
396 409 584 460 CHRONICA
593 408 706 460 REGIA
717 406 969 459 COLONIENSIS.
989 406 1091 457 OONT.
1102 406 1150 456 IV.
1169 405 1201 457 A.
1214 405 1396 458 1221-1223.

309 577 433 660 sagittis
463 598 518 640 eos
544 576 715 639 lacessivit.
759 573 907 660 Cumque
936 574 1095 638 cotidiano
1122 572 1242 638 insultu
1263 572 1354 638 multi
1378 598 1413 640 ex
1447 571 1448 584 ¹

309 669 422 746 parte⁸
444 670 578 747 utraque
600 668 799 740 necarentur,
822 669 853 724 et
876 658 1016 745 quadam
1037 658 1089 722 die
1104 657 1233 743 plurimi
1255 657 1412 742 gentilium

309 744 511 827 cecidissent,
542 745 615 808 irati
636 743 770 828 gentiles
793 745 1012 829 septingentas
1034 751 1065 806 et
1087 742 1323 828 quinquaginta
1344 743 1413 806 chri·

309 829 484 893 stianorum
506 850 605 894 naves
634 849 708 891 cum
737 827 919 893 hominibus
949 837 981 891 et
1001 825 1192 891 victualibus
1216 826 1324 891 Greco
1349 829 1414 912 igne
1447 833 1448 890 l

309 912 550 978 conbusserunt.
592 913 743 977 Preterea
763 912 878 976 fluvius
901 933 938 976 ec
960 920 1103 996 tempore
1125 931 1326 992 excrescens,
1349 913 1414 975 scis
1446 951 1448 986 2

309 999 419 1060 surasl
441 1007 525 1062 terre
545 997 687 1082 inplevit,
709 996 854 1060 homines
869 1006 901 1061 et
921 998 1081 1059 iumenta⁰
1095 995 1220 1079 operuit
1241 1003 1272 1058 et
1295 993 1413 1065 delevit.
1447 1001 1448 1008 ’

307 1081 441 1168 Duplici
472 1083 617 1162 articula
654 1091 720 1146 tarn
752 1081 842 1146 fluvii
872 1079 1067 1161 inundantis,
1103 1100 1199 1163 quam
1231 1078 1415 1163 gentiliumd

308 1167 460 1231 continua
480 1167 720 1252 inpugnatione,
741 1166 892 1250 primates
915 1164 1159 1228 christianorum
1181 1163 1284 1238 artati,
1307 1164 1343 1226 in
1363 1163 1414 1227 hoc

308 1261 545 1331 consenserunt,
588 1259 624 1314 ut
658 1250 842 1313 Damiatam
886 1247 1017 1312 soldano
1060 1247 1265 1330 resignarent,
1312 1269 1415 1311 omnes

308 1333 496 1399 christianos
511 1357 570 1419 per
585 1357 718 1418 regnum
740 1334 842 1419 ipsius
857 1332 923 1396 sive
945 1331 1050 1396 fratris
1066 1332 1114 1394 sui
1130 1330 1283 1395 Ocradini
1299 1333 1414 1395 vinctos

306 1419 476 1504 recepturi.
520 1418 642 1482 Annuit
663 1417 821 1499 soldanus,
850 1417 1047 1502 redditisque
1076 1414 1267 1496 christianis,
1291 1415 1414 1479 Damia-

308 1513 373 1567 tam
405 1503 536 1587 recepit.
581 1503 634 1565 Ex
666 1501 727 1566 hoc
759 1500 858 1587 liquet
891 1501 1077 1581 certissime,
1110 1509 1244 1584 peccata
1275 1501 1312 1562 in
1342 1498 1415 1563 hanc

308 1587 469 1650 miseriam
492 1586 680 1650 christianos
702 1587 849 1667 traxisse,
872 1585 958 1671 quod
978 1585 1068 1670 prius
1091 1582 1240 1647 soldanus
1262 1585 1311 1646 eis
1335 1584 1414 1648 obtu-

306 1669 395 1751 lerat,
417 1693 487 1734 sese
508 1693 644 1755 regnum
665 1669 861 1735 Iherusalem
884 1670 930 1733 eis
950 1670 1159 1747 redditurum,
1187 1667 1302 1731 urbem
1323 1668 1415 1731 reedi-

307 1754 487 1836 ficatumm,
510 1755 695 1818 Damiatam
728 1756 834 1840 quiete
863 1775 938 1817 cum
965 1753 1129 1818 adiacente
1156 1753 1288 1837 regione
1318 1751 1359 1815 ad
1379 1752 1413 1815 20

306 1838 443 1903 miliaria
455 1838 692 1925 possidendam,
712 1862 752 1903 ne
767 1837 898 1903 ulterius
912 1839 947 1900 in
961 1847 1077 1901 terram
1092 1859 1182 1900 suam
1200 1835 1413 1922 procederent

580 1925 725 1987 Primus⁶
748 1945 850 1987 annus
872 1924 963 2007 regni
984 1921 1139 1986 Heinrici.

700 2009 795 2071 Anno
818 2005 970 2070 Dominif
992 2007 1082 2070 1222.

390 2091 563 2156 Heinrious
593 2094 759 2177 septimus,
785 2091 869 2156 filius
889 2090 1047 2154 Friderici
1076 2091 1286 2174 imperatoris,
1317 2087 1413 2153 adhuc

330 2196 402 2253 uer,
433 2186 637 2242 consecratus
664 2187 712 2241 est
739 2179 773 2240 in
801 2197 911 2260 regem
938 2175 1136 2260 Aquisgrani
1162 2173 1203 2239 ab
1230 2173 1412 2258 Engilberto

306 2198 491 2324 lloloniensi
505 2259 748 2346 archiepiscopo
771 2259 932 2324 dominica
947 2270 1020 2323 ante
1042 2260 1259 2324 ascensionem
1274 2256 1411 2336 Domini,

213 2343 426 2410 na÷.s.soilicet
447 2345 474 2408 8.
494 2344 571 2408 Idus
587 2345 663 2414 Mai,

199 2447 293 2490 nan.
388 2427 536 2492 Eodem&
557 2450 640 2492 anno
663 2429 692 2493 3.
708 2426 786 2492 Idus
806 2429 948 2492 Ianuarii
975 2436 1164 2491 terremotus
1193 2448 1332 2510 magnus
1360 2423 1411 2487 fuit

305 2510 437 2576 Oolonie
454 2511 533 2576 hora
552 2514 656 2598 prima
678 2513 750 2576 diei.
823 2513 862 2576 In
873 2510 1100 2597 Langobardia
1119 2513 1221 2576 eciam
1235 2510 1309 2574 talis
1325 2521 1409 2574 terre-

304 2606 411 2660 motus
444 2595 504 2660 fuit
535 2597 605 2682 ipsa
633 2598 684 2661 die
711 2596 825 2660 natalis
852 2596 996 2677 Domini,
1053 2618 1088 2659 er
1112 2596 1192 2660 duas
1221 2593 1408 2660 ebdomadas

305 2678 481 2764 quottidiell
503 2680 553 2745 bis
579 2680 768 2766 perdurans,
801 2692 836 2746 ut
868 2682 922 2744 ini
944 2618 1090 2766 pluribus
1121 2679 1199 2744 locis
1232 2678 1358 2743 edificia
1384 2684 1410 2740 ct

304 2762 454 2827 ecclesias
482 2774 646 2848 everteret,
681 2766 825 2830 homines
858 2787 932 2829 cum
962 2765 1181 2830 sacerdotibus
1213 2765 1409 2850 opprimeret,

303 2846 612 2934 Brixiamkquoque
635 2851 797 2914 civitatem
819 2849 885 2913 fere
906 2858 1007 2913 totam
1029 2870 1101 2912 cum
1124 2847 1242 2935 populo
1259 2846 1407 2923 obrueret,

303 2953 401 3080 rupes
423 2932 463 2996 de
485 2933 648 2998 montibus
671 2933 828 3014 evelleret,
850 2944 957 2998 castra
977 2932 1116 2998 deiceret
1137 2944 1168 2998 et
1189 2934 1234 2998 sic
1257 2932 1407 2996 inauditas

304 3037 342 3079 ca
354 3018 501 3081 amitates
523 3029 555 3083 et
568 3019 712 3083 miserias
727 3040 785 3103 per
810 3028 936 3082 straret.
978 3017 1079 3082 Rome
1101 3019 1203 3082 eciam
1218 3028 1303 3083 tarra
1318 3017 1409 3080 mixta

304 3102 460 3186 sanguine
481 3103 552 3167 visa
574 3113 622 3167 est
643 3103 683 3168 de
704 3040 844 3168 nubibus
866 3101 986 3189 pluere.

386 3188 403 3251 I
428 3209 463 3250 so
485 3189 588 3251 eciam
609 3200 710 3250 annc¹
723 3186 940 3252 Waldimarus
959 3209 1018 3250 rex
1032 3184 1171 3248 Dacica
1190 3186 1306 3250 comite
1322 3183 1408 3248 Hein-

302 3270 370 3335 ricc
416 3272 447 3334 e¹
475 3271 672 3336 sonanter
697 3293 770 3335 cum
796 3271 943 3335 filiosuo
970 3267 1157 3334 mirabiliter
1184 3269 1311 3354 capitur
1332 3267 1407 3334 etin

304 3355 444 3440 quodam
465 3355 638 3420 fortissimo
662 3364 765 3420 castro
788 3355 829 3420 ab
852 3355 966 3420 eodem
988 3353 1130 3418 custodie
1152 3353 1364 3439 mancipatur.

627 3441 680 3505 2.“
723 3439 817 3503 Αιιιιο
839 3439 973 3504 Domini
997 3438 1088 3502 1223.

386 3523 550 3587 Honorius
581 3545 682 3611 papa,
715 3526 822 3589 missis
853 3521 1123 3609 predicatoribus,
1166 3523 1407 3609 circumquaque

305 3629 432 3673 crucem
471 3606 613 3672 redicare
627 3606 777 3672 fidelibus
797 3609 913 3673 iterum
926 3609 1023 3686 iubet,
1046 3605 1243 3670 denuncians
1258 3605 1408 3681 omnibus,

197 3718 247 3760 aa.
258 3720 294 3760 ιι.
304 3702 340 3756 ut
360 3702 435 3779 post
446 3631 619 3758 biennium
640 3696 674 3756 in
695 3694 860 3758 nativitate
883 3693 985 3757 sancti
1005 3690 1157 3754 Iohannis
1179 3691 1319 3776 baptiste
1342 3707 1407 3754 cum

303 3776 443 3863 glorioso
464 3778 655 3860 imperatore
676 3777 842 3841 Friderico
864 3777 967 3862 parati
988 3776 1050 3840 sint
1071 3797 1158 3838 mare
1178 3775 1324 3842 transire.

302 3944 319 4008 Ι
386 3861 575 4008 Irlnperatori
606 3861 772 3926 Fridericc
804 3861 1013 3947 desponsatur
1052 3859 1118 3922 filia
1149 3858 1301 3923 Iohannis
1333 3855 1407 3942 regis

320 3967 410 4010 eroso
423 3945 555 4011 imitani.

305 4107 328 4160 ι)
344 4110 368 4148 ta
382 4110 480 4158 marciae
494 4111 540 4150 atta
555 4121 583 4149 m.
599 4110 840 4160 s.X111.ruppt.Bl.
884 4107 908 4161 b)
925 4110 1024 4150 scissura
1040 4109 1116 4150 012.
1163 4105 1183 4156 c)
1200 4108 1223 4146 tn
1239 4109 1287 4147 loco
1302 4118 1352 4146 ruso
1366 4101 1405 4143 Bl-

304 4165 328 4218 d)
344 4178 366 4215 g.
383 4178 401 4208 c.
418 4169 466 4218 inp.
482 4170 566 4209 tatere
582 4181 634 4209 rosc
650 4171 696 4208 Bl.
757 4166 778 4219 a)
794 4170 837 4210 des.
856 4169 897 4209 01.
908 4170 928 4208 2.
995 4166 1145 4219 f)dominice
1161 4167 1202 4208 02.
1265 4164 1289 4218 g)
1305 4166 1325 4206 t.
1341 4160 1405 4207 talla

303 4237 382 4266 maaca
396 4227 471 4276 incipit
487 4229 534 4270 Β1.
573 4227 645 4280 h)ira
661 4229 709 4267 131,
748 4225 765 4278 t)
779 4233 829 4279 post
842 4228 913 4277 suppl.
929 4228 975 4268 Bl.
1018 4225 1045 4270 kl
1060 4227 1155 4268 Brixam
1170 4236 1228 4265 corr.
1243 4226 1347 4265 Brixiam
1361 4220 1404 4261 Bl-

303 4281 321 4335 l)
338 4285 393 4324 derat
405 4287 447 4328 01.
505 4286 537 4338 ιιι)
554 4287 674 4328 Senirinch
691 4287 764 4328 01.2.
824 4287 848 4339 n)
864 4288 919 4326 deest
935 4287 1012 4336 01.2;
1029 4286 1052 4326 8.
1069 4296 1142 4326 annus
1158 4285 1181 4324 in
1196 4295 1265 4334 marc.
1283 4285 1329 4326 01.

305 4397 334 4466 1)
356 4399 435 4461 1223,
453 4415 539 4451 mense
560 4399 642 4453 Maio.
718 4399 746 4466 2)
767 4399 909 4452 Schwera'n.
