2970 4996
276 376 466 430 canonica
486 377 599 428 REGIA
620 377 862 431 COLONIENSIS
883 380 915 429 Α.
938 375 1019 428 1158.
1168 379 1205 428 97

444 549 609 602 Receneio
634 551 659 602 I.
685 551 781 602 codol.
806 549 839 602 A.

76 641 232 693 mebant.
282 643 463 693 anchonitani
488 658 552 694 vero
576 641 689 693 Greco
715 642 814 693 iidem
841 651 1042 706 servantes,
1073 642 1114 694 ad
1148 649 1329 700 eoseum

75 717 167 765 exire
188 715 339 767 noluerunt.
378 716 438 778 Qua
463 714 497 766 de
524 729 606 765 cansa
625 715 772 767 Reinoldus
794 716 972 769 cancellarius
992 722 1019 767 et
1038 717 1103 768 Otto
1126 714 1202 781 pala·

76 791 161 852 tinus,
182 788 306 840 collectis
326 789 445 855 undique
465 794 519 839 tam
540 788 653 839 militum
668 803 748 855 quam
762 790 882 856 peditum
897 793 991 857 copiis,
1006 795 1093 840 castra
1108 789 1203 838 metati

76 867 142 914 eunt
167 863 244 913 iuxta
269 877 351 925 mare,
377 862 498 912 volentes
522 863 658 912 civitatem
689 862 793 913 assultu
818 870 910 929 petere
930 870 957 915 et
976 862 1106 931 quicquid
1127 866 1202 912 extra

76 951 170 986 muros
191 941 250 986 erat
269 935 419 987 devastare.
468 935 547 986 Cives
572 950 636 985 vero
661 935 782 986 videntes
808 937 955 1002 periculum
976 938 1027 988 sibi
1052 936 1203 995 imminere,

78 1015 246 1074 rogaverunt
266 1008 391 1072 Grecnm,
417 1011 505 1059 uteie
530 1014 682 1059 occurreret
702 1015 728 1059 et
749 1010 815 1059 iram
836 1015 945 1062 eoruma
965 1011 1109 1075 mitigaret.
1140 1008 1202 1070 Qui,

78 1083 162 1134 misso
184 1083 220 1133 ad
241 1097 287 1133 eos
307 1098 360 1133 uno
382 1083 479 1133 comite
498 1082 586 1144 Alexi,
606 1083 698 1148 peciit,
717 1087 746 1133 ut
766 1091 792 1132 et
813 1084 916 1136 civitati
935 1083 1036 1134 vellent
1055 1099 1102 1149 pro
1117 1083 1202 1147 ipsius

78 1171 172 1206 amore
204 1162 231 1206 et
259 1156 389 1222 obsequio
419 1171 529 1222 parcere
557 1161 583 1206 et
611 1157 698 1221 ipsum
726 1155 829 1221 alloqui
853 1165 880 1207 et
904 1157 1005 1208 videre.
1051 1154 1145 1218 Quod
1171 1159 1203 1205 et

77 1229 212 1280 iactum
230 1235 291 1280 eet.
330 1231 420 1280 Exivit
439 1231 510 1279 enim
529 1228 565 1278 ad
585 1244 631 1279 eos
651 1228 738 1280 idern
760 1228 887 1281 Grecus
913 1246 972 1280 cum
999 1230 1121 1280 omnibus
1148 1227 1202 1279 sol·

78 1303 164 1354 dariis
185 1304 241 1353 suis
261 1319 343 1369 prope
364 1307 452 1353 castra
474 1318 573 1364 eorum,
593 1307 620 1352 et
632 1303 684 1368 ipsi
703 1302 956 1354 nichilominus
977 1319 1037 1354 cum
1052 1295 1200 1369 timpanish

78 1382 107 1426 et
125 1375 236 1426 vexillis
257 1381 283 1427 et
302 1377 378 1441 equis
397 1375 516 1426 faleratis
537 1390 596 1425 eum
617 1381 801 1441 susceperunt.
839 1377 936 1427 Haec
956 1383 1067 1428 autem
1089 1377 1203 1426 omnia

79 1451 157 1516 egit
175 1448 366 1500 Reinoldus
386 1465 446 1515 pro
466 1449 581 1515 gloria
606 1450 837 1516 imperatoris.
880 1449 960 1501 (lum
985 1466 1068 1516 ergo
1088 1449 1142 1500 sic
1168 1449 1202 1498 in

77 1537 181 1573 unum
198 1538 283 1573 conv
291 1538 305 1572 e
313 1523 384 1572 nisa
392 1538 406 1573 e
414 1526 463 1585 nt,
484 1521 660 1573 cancellarius
672 1528 699 1572 et
708 1522 843 1588 palatinus
854 1528 982 1589 ceperunt
996 1524 1082 1574 Greco
1093 1523 1202 1574 obicere

77 1611 151 1662 quae
173 1594 208 1647 de
228 1612 260 1646 eo
281 1597 319 1647 eis
337 1595 444 1646 fuerant
463 1596 635 1646 nunciata.
675 1595 717 1645 De
738 1597 834 1661 quibus
853 1596 976 1647 omnibus
994 1598 1096 1662 ipsese
1116 1597 1202 1645 mani·

76 1669 148 1720 feste
169 1675 197 1720 et
217 1671 556 1736 competenterexcusavit,
576 1684 707 1731 asserens,
727 1685 756 1719 ee
776 1670 888 1736 ipsum
909 1675 1037 1721 ettotam
1057 1670 1201 1736 pecuniam

77 1742 183 1793 domini
204 1744 246 1793 sni
265 1743 359 1808 regis
380 1742 559 1793 Grecorum
586 1742 620 1791 ad
645 1741 844 1808 beneplacitum
864 1743 1015 1793 Romani
1042 1744 1201 1809 impera·

76 1817 169 1867 toris
191 1817 380 1882 expositurum.
419 1817 469 1866 His
488 1817 526 1866 ita
543 1817 705 1881 compositis,
721 1815 754 1866 ab
769 1815 940 1882 expeditione
958 1822 985 1866 et
998 1815 1078 1866 armis
1093 1831 1201 1865 manum

77 1891 280 1952 continuerunt,
300 1894 434 1955 acceptoc
453 1897 542 1939 tamen
563 1889 596 1938 ab
616 1889 811 1940 Anchonitanis
832 1888 895 1939 fidei
909 1889 1066 1940 iuramento.
1105 1888 1201 1939 Archi·

76 1963 224 2028 episcopus
251 1978 315 2013 vero
346 1963 537 2013 Ravennae
566 1962 616 2012 ibi
649 1963 773 2025 existens,
798 1978 846 2028 pro
872 1962 1031 2013 liberatione
1064 1962 1202 2012 bominum

76 2030 209 2086 suorum(¹
229 2035 363 2098 laborans,
383 2036 507 2102 precibus
524 2036 575 2086 boc
591 2035 715 2098 obtinuit,
734 2035 806 2101 quod
827 2037 948 2102 captivos
969 2051 1028 2086 cum
1043 2036 1200 2100 integritate

76 2124 167 2159 rerum
188 2125 295 2164 suarum
319 2107 484 2166 dimiserunt,
511 2110 562 2159 hac
589 2107 753 2171 conditione,
779 2110 851 2175 quod
875 2114 932 2160 tota
959 2110 1054 2159 civitas
1081 2108 1201 2159 debitam

76 2183 289 2247 imperatori
308 2183 406 2233 iuravit
425 2181 591 2245 fidelitatem,
618 2183 760 2233 transactis
780 2180 884 2233 scilicet
904 2182 958 2231 200
983 2183 1069 2245 annis,
1090 2197 1123 2231 ex
1146 2197 1200 2249 quo

74 2263 210 2312 Ravenna
231 2261 298 2311 nulli
319 2263 508 2326 imperatorum
530 2262 685 2312 fidelitatem
707 2261 779 2311 fecit.
818 2249 908 2314 Haec
923 2249 1032 2334 itaque
1048 2259 1199 2333 operatus

75 2341 147 2398 cst⁰
164 2331 349 2414 ReinolduS,
373 2355 446 2396 cum
461 2331 567 2397 adhuc
582 2343 666 2397 esset
680 2333 881 2418 imperatoris
897 2331 1115 2399 cancellarius.

144 2417 251 2503 Igitur
262 2417 305 2480 im
331 2427 444 2494 arator,
457 2418 599 2480 maximo
615 2416 758 2481 exercitu
765 2415 1036 2482 Theutonicorum
1049 2414 1200 2498 adunate,

71 2502 220 2566 animose
241 2511 273 2566 et
293 2439 431 2585 gioriose
453 2499 682 2566 Lombardiam
703 2499 891 2584 ingreditur,
914 2501 1021 2566 multis
1037 2499 1098 2564 sibi
1113 2499 1201 2565 asso·

73 2587 168 2651 ciatis
201 2586 328 2671 imperii
355 2584 571 2671 principibus,
607 2587 690 2650 inter
728 2606 808 2670 quos
841 2585 988 2671 precipui
1019 2594 1110 2650 erant
1141 2607 1201 2650 rex

72 2670 241 2750 Boemiac,
274 2669 457 2734 Fridericus
488 2669 688 2735 Colonieneis
721 2669 919 2755 archiepisco
945 2691 991 2750 us,
1024 2668 1199 2733 Heinricns

72 2754 143 2818 dux
168 2752 330 2818 Senoniae
342 2766 361 2836 ¹,
384 2753 567 2818 Fridericus
583 2753 650 2817 dux
665 2752 885 2836 Alamanniae,
939 2751 1111 2818 ertholfusf
1129 2752 1200 2817 dux

72 2836 221 2902 Alsatiac
231 2849 252 2919 ²,
275 2837 445 2902 Heinricns
472 2838 539 2902 dux
560 2837 738 2917 Karintiae,
772 2836 966 2901 Ludowicue
988 2835 1199 2921 lantgravius,

74 2920 270 2986 cuonradus
298 2919 458 3007 palatinus
486 2921 600 3002 Rheni,
633 2931 665 2986 et
692 2919 745 2985 alii
775 2943 872 3007 quam
900 2920 1007 3006 plures
1034 2921 1199 2986 Romanae

72 3007 204 3070 virtutis
234 3026 393 3091 proceres,
437 3006 646 3071 Transcensis
673 3007 781 3090 itaque
809 3004 956 3091 Alpibus,
988 3013 1120 3070 ventum
1149 3013 1199 3069 eet

72 3092 115 3154 ad
136 3089 273 3160 fluvium
297 3091 352 3176 qui
366 3089 463 3154 Adue
483 3099 696 3175 nuncupatur.
724 3088 977 3155 Mediolanenses
992 3111 1067 3153 veru
1083 3098 1198 3175 pontes

74 3196 187 3238 omnes
211 3172 355 3238 eiusdem
378 3176 525 3238 torrentis
545 3173 779 3256 destruxerant,
801 3183 837 3238 ut
855 3173 1041 3259 imperatori
1064 3172 1199 3258 impedi-

399 3317 569 3370 Rcceneio
596 3318 638 3369 ΙΙ.
665 3318 763 3370 codd.
786 3318 821 3370 B.
849 3317 876 3369 0.

147 3394 237 3459 Igitur
256 3394 399 3458 imperator
419 3393 542 3444 eodem
562 3397 683 3455 annot,
711 3399 865 3459 propter
884 3389 1198 3442 insolentiamMe·

71 3466 338 3518 diolanensium
357 3465 478 3517 valido
505 3468 624 3516 exercitu
648 3465 774 3528 adunato,
795 3464 1013 3531 Langobardiam
1038 3463 1196 3528 ingreditur,

72 3541 165 3591 multis
191 3555 221 3590 se
247 3540 500 3590 comitantibus
524 3541 601 3604 regni
625 3540 800 3605 principibus,
832 3554 942 3606 quorun
969 3537 1089 3604 precipui
1122 3541 1198 3588 erant

71 3609 140 3663 raah
152 3614 275 3674 Boemie‚
295 3613 438 3664 Heinricns
459 3612 512 3663 dux
524 3614 665 3675 saxoniae,
685 3612 840 3663 Fridericus
860 3611 914 3662 dux
923 3610 1110 3673 Alamanniae,
1130 3611 1195 3661 Ber·

69 3681 169 3738 teliusi
191 3686 245 3736 dux
263 3685 466 3748 Karinthie,
488 3687 631 3736 Heinricns
649 3685 702 3736 dux
721 3685 901 3747 Alsaciae,
922 3676 1107 3735 Lidewieusk
1126 3683 1196 3735 lant·

72 3762 191 3825 gravius,
204 3759 344 3810 cunradus
359 3774 447 3810 comes
458 3760 601 3825 palatinus,
614 3759 766 3809 i‘riderious
783 3759 952 3810 Colonieneie
967 3758 1197 3828 archiepiscopus.

72 3834 251 3884 Transcensis
270 3834 361 3898 itaque
371 3831 494 3899 Alpibus,
515 3849 585 3884 cum
605 3839 714 3883 ventum
733 3832 865 3884 fuisset
884 3831 920 3881 ad
932 3832 1041 3882 fluvium
1055 3833 1102 3896 qui
1117 3831 1198 3882 Adua

73 3912 253 3974 nuncupatur,
275 3908 477 3956 eteumsine
492 3907 589 3971 gravi
609 3905 765 3972 periculo
787 3921 885 3956 nemo
905 3900 1074 3955 transire¹
1093 3909 1196 3971 potu·

68 3982 177 4044 isset,
199 3995 236 4031 eo
250 3980 339 4044 quod
350 3979 565 4030 Mediolanenses
579 3993 670 4032 ornnes
684 3984 779 4047 pontes
794 3981 850 4030 eins
865 3978 1074 4036 diruissent,
1089 3977 1198 4027 Boemii

73 4087 96 4140 a)
114 4089 149 4130 eis
165 4087 216 4128 Aa
263 4085 287 4139 b)
304 4089 436 4139 tymphanis
452 4088 501 4130 Aa.
548 4087 568 4140 c)
586 4093 677 4139 recepto
695 4088 743 4128 Aa.
795 4085 818 4138 d)
836 4089 918 4139 suique
934 4085 984 4127 Aa
1036 4084 1058 4138 e)
1075 4087 1130 4126 dccet
1147 4085 1197 4126 Ar.

73 4146 90 4198 i)
113 4147 264 4188 Berchtoliue
287 4145 335 4186 Ar.
374 4162 402 4182 =
440 4147 464 4198 g)
488 4148 569 4188 eodem
593 4159 654 4188 anno
684 4148 759 4197 paullo
782 4146 845 4189 infra
865 4152 915 4196 pon
940 4147 1042 4186 adunato
1063 4147 1127 4194 ponit
1143 4145 1160 4184 0
1173 4147 1197 4187 2.

69 4205 97 4256 b)
114 4207 162 4247 dux
178 4217 188 4245 e
203 4217 261 4246 corr.
278 4206 327 4246 Bl.
390 4205 407 4256 l)
424 4207 557 4248 Bettholfus
580 4207 623 4249 02.
683 4205 708 4257 k)
725 4206 819 4247 Ludow.
836 4205 880 4246 01.
941 4203 958 4255 l)
975 4205 1087 4248 transsire
1103 4205 1149 4244 Bl.

1 4280 3 4296 ’
69 4301 104 4367 .1)
125 4299 181 4363 Qui
205 4299 267 4353 lenio
291 4300 452 4367 capeditioni
477 4302 552 4354 hond
574 4302 703 4369 interfuit,
734 4301 781 4353 secl
800 4299 857 4351 dun
876 4298 1020 4353 Heinricns
1040 4301 1194 4361 Bucaricc;

75 4391 99 4426 υ.
118 4375 261 4428 Lehmann
280 4392 312 4441 p.
332 4376 376 4428 36.
415 4374 444 4443 2)
464 4376 496 4428 de
515 4375 657 4443 Zarinpen.

948 4460 965 4522 7
