2944 5002
282 413 337 464 358
494 412 649 464 marnas
669 411 917 466 CONTINUATIO
939 411 1192 466 COLONIENSIS.

283 581 533 663 considerantes,
558 602 624 645 non
645 581 691 645 ita
712 602 783 646 esse
805 579 989 646 eredebant.
1033 579 1098 646 Sed
1128 583 1278 648 civitates
1311 605 1414 668 regno

282 669 453 732 attinentes
482 667 612 732 omnino
644 663 743 731 fidem
769 663 923 731 adhibere
950 662 1102 729 volebant
1128 676 1264 753 propter
1291 667 1416 733 nimias

283 752 485 834 exacciones,
516 746 634 837 quibus
663 771 683 813 a
710 771 786 835 rege
808 749 1068 834 angariabantur,
1098 772 1237 836 quorum
1260 751 1312 816 fre
1336 774 1418 818 uen-

283 836 369 901 tibus
400 836 527 899 nnnciis
551 831 716 900 Weoslare
752 835 898 915 accessit,
934 843 971 898 ut
1030 857 1064 898 er
1100 856 1211 899 eorum
1248 858 1320 901 aux
1348 837 1417 900 ‘um

283 921 429 985 civitates
450 917 616 984 ulteriores
637 919 718 983 attin
742 927 818 984 eret.
862 917 957 999 Quod
979 856 1036 982 uli
1057 941 1116 983 rex
1138 919 1301 986 Rudolfus
1326 942 1417 985 com-

307 1006 376 1088 erit,
399 1027 473 1069 curn
486 1003 647 1090 Sigefrido
661 1023 717 1067 arc
742 1003 905 1089 ‘episcopo
921 1001 1115 1086 Coloniensi,
1137 1026 1212 1069 cum
1234 1027 1303 1091 quo
1320 1007 1417 1090 prius

283 1027 534 1170 discordaverat,
567 1085 772 1152 concordiam
803 1088 892 1168 iniit3
929 1088 982 1172 qui
1013 1109 1087 1152 oum
1118 1087 1227 1154 valido
1261 1090 1417 1176 equitatu

283 1176 354 1259 regi
365 1171 530 1238 Wecslare
552 1172 692 1237 occurrit
712 1180 744 1236 et
764 1193 784 1235 a
805 1170 930 1236 civibus
952 1172 1181 1258 impostorema
1202 1172 1297 1237 illum
1321 1196 1417 1260 repe-

209 1279 273 1322 rsss.
284 1258 365 1322 tivit.
389 1257 515 1338 Quibus
529 1255 664 1322 traditus
678 1265 710 1320 et
729 1256 763 1318 in
779 1277 876 1320 curru
889 1255 932 1320 ad
946 1277 1003 1320 eos
1018 1265 1158 1336 evectus,
1180 1268 1216 1323 ut
1236 1267 1416 1340 meruerat,

284 1341 433 1407 incendio
456 1349 588 1407 exustus
610 1351 668 1405 est

146 1438 273 1482 costam.
369 1433 457 1484 Huius
477 1433 562 1482 eciam
582 1430 748 1498 temporibus
766 1430 795 1481 in
808 1431 939 1482 Thunicio
958 1446 1058 1497 magna
1076 1431 1219 1484 multitudo
1238 1449 1414 1500 paganorum

283 1522 333 1575 per
342 1505 529 1573 supradicti
537 1506 610 1556 Petri
623 1506 694 1571 regis
705 1506 872 1570 Arragonum
885 1505 1016 1554 astuciam
1028 1506 1098 1555 inter
1108 1507 1242 1556 monrium
1254 1506 1412 1558 districtum

283 1581 334 1632 fuit
353 1577 488 1646 depressa,
508 1584 535 1630 st
552 1579 654 1630 ibidem
673 1579 770 1629 occisi
789 1584 860 1629 sunt
878 1585 1067 1645 paganorum
1086 1595 1167 1644 quam
1186 1579 1304 1645 plurima
1324 1581 1411 1643 milia,

283 1655 351 1706 forte
370 1654 421 1705 tria
440 1652 524 1704 milia.
560 1652 637 1703 Tunc
655 1651 783 1703 soldanus
805 1650 948 1703 Babilonie
969 1666 986 1700 a
1004 1651 1141 1703 Tartharis
1164 1668 1212 1718 per
1235 1660 1299 1704 octo
1321 1652 1410 1704 dietas

283 1729 400 1795 fugatus,
420 1727 465 1778 ubi
483 1727 584 1794 pagani
596 1725 667 1777 ultra
685 1726 880 1793 quinquaginta
892 1724 968 1775 milia
980 1724 1106 1776 dicuntur
1125 1727 1223 1790 occisi3
1242 1727 1410 1779 sed-viribus

284 1808 311 1853 et
335 1802 424 1853 animo
443 1801 594 1866 resumptis,
619 1798 747 1851 soldanus
774 1799 860 1850 dictos
879 1800 1005 1850 Tartaros
1031 1798 1174 1850 orientales
1198 1801 1306 1864 fugans,
1335 1803 1409 1852 circa

283 1877 394 1942 triginta
412 1874 488 1925 milia
506 1874 695 1924 Thartarornm
713 1873 743 1922 in
761 1872 914 1924 huiusmodi
932 1873 997 1938 fuga
1017 1872 1116 1923 dicitnr
1133 1873 1278 1924 occidisse.

366 1941 522 2006 Martinus
574 1962 637 2025 apa
663 1939 758 2021 obiit3
794 1940 848 2004 cui
869 1939 1034 2004 Honorius
1064 1948 1197 2026 quartus
1231 1944 1406 2024 successit3

282 2034 475 2114 postquem
498 1964 648 2111 quidam¹
674 2023 794 2088 ordinis
816 2023 978 2088 Minorum
1000 2021 1214 2089 substituitur.

207 2131 273 2173 raes.
365 2111 471 2195 Igitur
505 2130 589 2173 anno
626 2107 760 2172 Domini
797 2108 896 2191 1288,
937 2110 1038 2194 regni.
1064 2108 1195 2173 Rudolfi
1229 2110 1317 2194 regis
1356 2112 1405 2193 14,

284 2194 446 2260 discordia
465 2190 675 2259 inexorabilis
697 2200 730 2256 et
750 2190 885 2260 multum
907 2189 1049 2277 lugenda
1071 2193 1171 2257 oritur
1193 2194 1275 2257 inter
1290 2193 1405 2259 Iohan-

282 2301 357 2343 nem
389 2278 504 2344 ducem
526 2276 706 2343 Brabancie
735 2287 767 2341 et
788 2275 991 2362 Reynoldum
1019 2278 1169 2342 comitem
1193 2276 1403 2344 Gelrhensem

306 2385 341 2428 ro
369 2363 489 2429 ducatu
511 2362 648 2428 Limbur
671 2361 749 2442 ensi,
784 2383 879 2447 quem
908 2359 1022 2426 diebus
1050 2363 1117 2427 vite
1145 2385 1202 2427 sne
1231 2385 1339 2429 comes
1371 2386 1404 2429 sc

283 2386 403 2513 debere
430 2447 597 2534 possidere
678 2445 804 2510 rmabat
831 2447 961 2510 racione
988 2447 1100 2511 uxoris
1128 2469 1194 2530 sue,
1225 2447 1291 2513 filie
1313 2447 1401 2512 dunis

283 2534 352 2597 sine
373 2531 484 2596 liberis
509 2529 707 2619 [defunctibl.
752 2528 817 2594 Sed
839 2527 908 2594 dux
929 2531 1193 2616 magnanimitate
1221 2541 1253 2597 et
1275 2531 1401 2597 diviciis

283 2615 396 2698 fidens,
425 2615 467 2680 ab
489 2613 607 2680 Adolfo
630 2615 746 2678 comite
772 2614 812 2679 de
834 2613 944 2680 Monte
966 2614 1122 2700 quicquid
1150 2617 1229 2680 iuris
1258 2619 1293 2680 in
1315 2616 1398 2682 dioto

284 2699 404 2764 ducatu
424 2697 543 2763 habere
565 2698 734 2764 videbatur
761 2697 861 2762 multo
889 2699 1000 2784 precio
1028 2701 1235 2784 comparavit,
1271 2709 1304 2766 et
1331 2724 1399 2788 pre

284 2783 406 2848 dietum
422 2783 572 2848 comitem
588 2782 661 2869 [dee
674 2783 784 2848 Monte
806 2781 1049 2847 etWalramum
1072 2785 1232 2874 comitem]
1249 2784 1399 2851 Iuliaoen-

283 2891 352 2933 sem
387 2877 419 2933 et
454 2868 522 2932 eius
557 2866 687 2932 fratrem
721 2865 925 2931 Gerhardum
957 2866 1078 2932 dictum
1108 2867 1149 2933 de
1182 2868 1334 2935 (laetere‘¹
1370 2880 1401 2936 et

282 2951 506 3017 Everhardum
535 2952 684 3016 comitem
713 2950 752 3016 de
774 2950 891 3016 Marka
922 2963 955 3017 et
975 2951 1166 3017 Heinricum
1192 2953 1333 3020 nobilem
1361 2954 1398 3020 de

283 3036 457 3119 Windeke,
479 3035 610 3102 fratrem
633 3036 759 3101 comitis
780 3035 890 3101 Adolfi
911 3036 951 3100 de
965 3036 1084 3120 Monte,
1106 3038 1239 3124 insuper
1261 3049 1292 3104 et
1315 3039 1397 3104 cives

284 3121 493 3187 Colonienses
522 3120 703 3207 multosque
735 3117 815 3184 alios
847 3130 913 3185 tam
945 3119 1069 3186 nobiles
1099 3144 1195 3209 quam
1229 3124 1397 3190 servientes

282 3208 409 3292 magnis
431 3205 493 3271 sibi
506 3206 627 3306 preciis
646 3203 839 3270 confoderat.
882 3207 945 3269 An
968 3226 1075 3270 comes
1094 3229 1136 3271 ex
1150 3206 1286 3272 adverso
1302 3208 1397 3272 domi·

280 3312 360 3355 num
397 3290 594 3376 Sigefrrdum
629 3288 907 3375 archiepiscopum
941 3287 1176 3374 Coloniensem,
1212 3293 1394 3358 Heinricum

283 3375 434 3440 comitem
456 3374 497 3440 de
517 3372 762 3457 Lucalinburgf,
788 3373 919 3439 fratem
941 3374 1029 3439 eiust
1043 3373 1243 3440 Walramum
1267 3386 1299 3441 et
1313 3377 1394 3441 Wal-

282 3481 408 3524 ramum
439 3457 580 3524 nobilem
612 3457 652 3524 de
684 3456 886 3545 Falkinburg
923 3468 954 3523 et
980 3459 1155 3524 Iohannem
1187 3459 1327 3526 nobilem
1357 3463 1394 3528 de

282 3542 485 3630 Lymbergl,
522 3542 712 3608 Heinricum
775 3563 881 3629 uoque
916 3543 957 3608 de
993 3542 1232 3630 Wesnrburgi,
1268 3545 1395 3612 stenem

282 3626 551 3727 arehiepiscopik,
573 3636 605 3693 et
626 3625 733 3713 plures
753 3564 833 3691 Mios
856 3648 950 3712 prece
971 3636 1004 3692 et
1024 3630 1133 3776 ppecio
1152 3628 1214 3693 sibi
1234 3630 1395 3714 conciliat3

283 3721 315 3776 et
336 3733 442 3776 vanos
462 3720 594 3776 eventus
608 3709 684 3776 belli
698 3713 914 3798 experiuntur,
934 3734 1020 3777 nunc
1057 3713 1096 3777 iis
1116 3736 1202 3778 nunc
1223 3713 1286 3779 illis
1308 3738 1394 3802 supe·
1462 3739 1463 3742 ¹

281 3794 420 3860 rioribus
443 3795 664 3866 existentibus.
709 3794 774 3861 Sed
795 3795 925 3861 tandem
946 3796 1015 3861 dux
1030 3797 1123 3862 solita
1137 3800 1393 3884 magnanimitate

282 3881 504 3966 episcopatum
530 3877 755 3946 Ooloniensem
787 3880 979 3966 potestative
1004 3881 1184 3966 ingreditur
1209 3893 1242 3949 et
1261 3882 1392 3950 flammis

282 3973 315 4028 et
334 3964 418 4030 ferro
439 3986 499 4051 pro
519 3963 614 4030 libitu
635 3974 750 4029 cuncta
771 3966 931 4030 consumit
951 3975 983 4031 et
1004 3975 1143 4031 castrum
1165 3968 1391 4057 archiepiscopi

281 4045 431 4114 Wdrinc¹
459 4049 600 4131 dictum,
632 4047 733 4113 multo
759 4051 887 4134 agmine
915 4060 1111 4115 armatorum
1140 4053 1286 4139 stipatus,
1313 4053 1389 4120 obsi-

282 4194 305 4247 s)
321 4197 470 4248 impostorem
485 4210 502 4239 c.
562 4197 587 4251 b)
604 4198 707 4240 defuncti
723 4198 802 4238 cleron.
817 4210 890 4248 praes.
906 4204 992 4240 secutas
1005 4202 1076 4252 suppl.
1130 4200 1151 4251 c)
1167 4201 1200 4242 s‘tc
1216 4203 1296 4244 caron.
1308 4213 1392 4255 praem

281 4257 325 4295 dea.
340 4267 360 4296 c.
396 4255 419 4307 d)
436 4256 545 4299 cantens.
576 4257 598 4309 e)
607 4257 677 4312 Ac(?)
685 4270 704 4298 c.
739 4256 935 4309 sihtrcalinbnrg
949 4271 968 4299 e.
1004 4259 1028 4311 g)
1045 4261 1244 4312 archiepiscopum
1255 4263 1309 4302 male
1317 4264 1388 4306 addc.

281 4312 306 4366 h)
322 4313 445 4367 heynberg
460 4327 478 4356 c.
517 4316 702 4369 {mersenburg
716 4328 734 4357 c.
777 4315 801 4368 k)
818 4318 1019 4370 archiepiscopum
1034 4331 1053 4362 c.
1097 4312 1219 4371 liwdrine
1235 4311 1385 4366 oelerrnec.
1459 4309 1461 4372 l

284 4425 312 4493 1)
333 4427 460 4479 Nicotaus
478 4429 531 4491 IV,
551 4429 597 4495 qai
615 4430 682 4482 aedit
702 4429 782 4495 1288,
802 4429 880 4484 Febr.
900 4433 1088 4498 22.-1292,
1107 4432 1173 4502 Apr.
1192 4436 1219 4490 4.
