<?xml version="1.0" encoding="UTF-8"?>
<!DOCTYPE html PUBLIC "-//W3C//DTD XHTML 1.0 Transitional//EN"
    "http://www.w3.org/TR/xhtml1/DTD/xhtml1-transitional.dtd">
<html xmlns="http://www.w3.org/1999/xhtml" xml:lang="en" lang="en">
 <head>
  <title>
</title>
<meta http-equiv="Content-Type" content="text/html;charset=utf-8" />
  <meta name='ocr-system' content='tesseract 3.04.00' />
  <meta name='ocr-capabilities' content='ocr_page ocr_carea ocr_par ocr_line ocrx_word'/>
</head>
<body>
  <div class='ocr_page' id='page_1' title='image "./chronicaregiaco01waitgoog_0352.png"; bbox 0 0 2934 4998; ppageno 0'>
   <div class='ocr_carea' id='block_1_1' title="bbox 289 378 1113 432">
    <p class='ocr_par' dir='ltr' id='par_1_1' title="bbox 289 378 1113 432">
     <span class='ocr_line' id='line_1_1' title="bbox 289 378 1113 432; baseline -0.001 0"><span class='ocrx_word' id='word_1_1' title='bbox 289 379 343 432; x_wconf 75' lang='lat'>820</span> <span class='ocrx_word' id='word_1_2' title='bbox 560 379 747 432; x_wconf 81' lang='lat' dir='ltr'>DIALOGUS</span> <span class='ocrx_word' id='word_1_3' title='bbox 767 379 917 432; x_wconf 72' lang='lat' dir='ltr'>caurum</span> <span class='ocrx_word' id='word_1_4' title='bbox 936 379 983 430; x_wconf 84' lang='lat' dir='ltr'>ET</span> <span class='ocrx_word' id='word_1_5' title='bbox 1001 378 1113 431; x_wconf 78' lang='lat' dir='ltr'>LA101.</span> 
     </span>
    </p>
   </div>
   <div class='ocr_carea' id='block_1_2' title="bbox 289 545 1423 732">
    <p class='ocr_par' dir='ltr' id='par_1_2' title="bbox 289 545 1423 732">
     <span class='ocr_line' id='line_1_2' title="bbox 289 545 1423 635; baseline -0.002 -21"><span class='ocrx_word' id='word_1_6' title='bbox 289 571 347 635; x_wconf 91' lang='lat' dir='ltr'>per</span> <span class='ocrx_word' id='word_1_7' title='bbox 368 548 555 614; x_wconf 78' lang='lat' dir='ltr'>electionem</span> <span class='ocrx_word' id='word_1_8' title='bbox 577 547 706 613; x_wconf 91' lang='lat' dir='ltr'>habitus</span> <span class='ocrx_word' id='word_1_9' title='bbox 726 546 848 627; x_wconf 86' lang='lat' dir='ltr'>fuisset,</span> <span class='ocrx_word' id='word_1_10' title='bbox 870 569 930 612; x_wconf 89' lang='lat' dir='ltr'>nec</span> <span class='ocrx_word' id='word_1_11' title='bbox 952 548 1019 612; x_wconf 89' lang='lat' dir='ltr'>dux</span> <span class='ocrx_word' id='word_1_12' title='bbox 1046 547 1160 633; x_wconf 89' lang='lat' dir='ltr'>aliquis</span> <span class='ocrx_word' id='word_1_13' title='bbox 1182 545 1289 611; x_wconf 90' lang='lat' dir='ltr'>adhuc</span> <span class='ocrx_word' id='word_1_14' title='bbox 1315 545 1423 612; x_wconf 87' lang='lat' dir='ltr'>hodie</span> 
     </span>
     <span class='ocr_line' id='line_1_3' title="bbox 289 630 1422 732; baseline -0.001 -35"><span class='ocrx_word' id='word_1_15' title='bbox 289 655 349 720; x_wconf 89' lang='lat' dir='ltr'>per</span> <span class='ocrx_word' id='word_1_16' title='bbox 368 634 553 697; x_wconf 89' lang='lat' dir='ltr'>uuiversum</span> <span class='ocrx_word' id='word_1_17' title='bbox 574 632 734 732; x_wconf 57' lang='lat' dir='ltr'>inpepium</span> <span class='ocrx_word' id='word_1_18' title='bbox 755 654 775 695; x_wconf 90' lang='lat' dir='ltr'>a</span> <span class='ocrx_word' id='word_1_19' title='bbox 796 634 861 696; x_wconf 91' lang='lat' dir='ltr'>suis</span> <span class='ocrx_word' id='word_1_20' title='bbox 890 632 1072 696; x_wconf 91' lang='lat' dir='ltr'>hominibus</span> <span class='ocrx_word' id='word_1_21' title='bbox 1099 654 1237 719; x_wconf 89' lang='lat' dir='ltr'>usquam</span> <span class='ocrx_word' id='word_1_22' title='bbox 1266 630 1422 730; x_wconf 70' lang='lat' dir='ltr'>eligatur,</span> 
     </span>
    </p>
   </div>
   <div class='ocr_carea' id='block_1_3' title="bbox 291 717 1465 4261">
    <p class='ocr_par' dir='ltr' id='par_1_3' title="bbox 291 717 1421 2048">
     <span class='ocr_line' id='line_1_4' title="bbox 291 717 1421 804; baseline -0.002 -22"><span class='ocrx_word' id='word_1_23' title='bbox 291 717 348 782; x_wconf 89' lang='lat' dir='ltr'>sed</span> <span class='ocrx_word' id='word_1_24' title='bbox 369 738 429 782; x_wconf 87' lang='lat' dir='ltr'>nec</span> <span class='ocrx_word' id='word_1_25' title='bbox 450 739 561 782; x_wconf 87' lang='lat' dir='ltr'>corum</span> <span class='ocrx_word' id='word_1_26' title='bbox 582 740 617 780; x_wconf 90' lang='lat' dir='ltr'>m</span> <span class='ocrx_word' id='word_1_27' title='bbox 638 739 707 781; x_wconf 86' lang='lat' dir='ltr'>erus</span> <span class='ocrx_word' id='word_1_28' title='bbox 728 717 953 781; x_wconf 88' lang='lat' dir='ltr'>constitutione</span> <span class='ocrx_word' id='word_1_29' title='bbox 972 718 1153 804; x_wconf 88' lang='lat' dir='ltr'>requiratur</span> <span class='ocrx_word' id='word_1_30' title='bbox 1167 738 1332 797; x_wconf 89' lang='lat' dir='ltr'>assensus,</span> <span class='ocrx_word' id='word_1_31' title='bbox 1349 738 1421 780; x_wconf 79' lang='lat' dir='ltr'>slve</span> 
     </span>
     <span class='ocr_line' id='line_1_5' title="bbox 291 800 1421 886; baseline -0.003 -20"><span class='ocrx_word' id='word_1_32' title='bbox 291 800 359 866; x_wconf 87' lang='lat' dir='ltr'>dux</span> <span class='ocrx_word' id='word_1_33' title='bbox 371 801 563 866; x_wconf 88' lang='lat' dir='ltr'>hereditario</span> <span class='ocrx_word' id='word_1_34' title='bbox 578 801 648 865; x_wconf 88' lang='lat' dir='ltr'>iure</span> <span class='ocrx_word' id='word_1_35' title='bbox 664 800 826 882; x_wconf 83' lang='lat' dir='ltr'>succedat,</span> <span class='ocrx_word' id='word_1_36' title='bbox 842 801 911 865; x_wconf 82' lang='lat' dir='ltr'>sive</span> <span class='ocrx_word' id='word_1_37' title='bbox 925 800 967 865; x_wconf 87' lang='lat' dir='ltr'>ab</span> <span class='ocrx_word' id='word_1_38' title='bbox 983 801 1173 886; x_wconf 82' lang='lat' dir='ltr'>imperatore</span> <span class='ocrx_word' id='word_1_39' title='bbox 1185 801 1421 865; x_wconf 86' lang='lat' dir='ltr'>constituatur:</span> 
     </span>
     <span class='ocr_line' id='line_1_6' title="bbox 292 883 1419 973; baseline -0.002 -23"><span class='ocrx_word' id='word_1_40' title='bbox 292 887 452 973; x_wconf 91' lang='lat' dir='ltr'>quomodo</span> <span class='ocrx_word' id='word_1_41' title='bbox 472 887 507 951; x_wconf 92' lang='lat' dir='ltr'>in</span> <span class='ocrx_word' id='word_1_42' title='bbox 525 887 594 950; x_wconf 88' lang='lat' dir='ltr'>eius</span> <span class='ocrx_word' id='word_1_43' title='bbox 610 884 705 949; x_wconf 87' lang='lat' dir='ltr'>modo</span> <span class='ocrx_word' id='word_1_44' title='bbox 723 886 947 950; x_wconf 89' lang='lat' dir='ltr'>constitutione</span> <span class='ocrx_word' id='word_1_45' title='bbox 962 884 1054 951; x_wconf 91' lang='lat' dir='ltr'>vobis</span> <span class='ocrx_word' id='word_1_46' title='bbox 1069 884 1130 949; x_wconf 92' lang='lat' dir='ltr'>hoc</span> <span class='ocrx_word' id='word_1_47' title='bbox 1151 887 1202 948; x_wconf 89' lang='lat' dir='ltr'>ius</span> <span class='ocrx_word' id='word_1_48' title='bbox 1224 883 1419 965; x_wconf 88' lang='lat' dir='ltr'>asscribitis,</span> 
     </span>
     <span class='ocr_line' id='line_1_7' title="bbox 291 967 1421 1057; baseline 0 -24"><span class='ocrx_word' id='word_1_49' title='bbox 291 969 378 1057; x_wconf 89' lang='lat' dir='ltr'>quod</span> <span class='ocrx_word' id='word_1_50' title='bbox 400 971 468 1035; x_wconf 89' lang='lat' dir='ltr'>sine</span> <span class='ocrx_word' id='word_1_51' title='bbox 489 971 581 1036; x_wconf 83' lang='lat' dir='ltr'>vobis</span> <span class='ocrx_word' id='word_1_52' title='bbox 600 970 719 1033; x_wconf 81' lang='lat' dir='ltr'><strong>assumi</strong></span> <span class='ocrx_word' id='word_1_53' title='bbox 734 990 798 1033; x_wconf 91' lang='lat' dir='ltr'>non</span> <span class='ocrx_word' id='word_1_54' title='bbox 813 970 938 1050; x_wconf 87' lang='lat' dir='ltr'>debeat,</span> <span class='ocrx_word' id='word_1_55' title='bbox 953 991 1026 1033; x_wconf 92' lang='lat' dir='ltr'>cum</span> <span class='ocrx_word' id='word_1_56' title='bbox 1041 967 1250 1035; x_wconf 85' lang='lat' dir='ltr'>exelectione</span> <span class='ocrx_word' id='word_1_57' title='bbox 1266 969 1421 1056; x_wconf 86' lang='lat' dir='ltr'>episcopi</span> 
     </span>
     <span class='ocr_line' id='line_1_8' title="bbox 291 1053 1420 1143; baseline 0 -25"><span class='ocrx_word' id='word_1_58' title='bbox 291 1056 360 1119; x_wconf 89' lang='lat' dir='ltr'>eius</span> <span class='ocrx_word' id='word_1_59' title='bbox 383 1066 535 1143; x_wconf 87' lang='lat' dir='ltr'>sequatur</span> <span class='ocrx_word' id='word_1_60' title='bbox 556 1053 757 1118; x_wconf 77' lang='lat' dir='ltr'>dominium?</span> <span class='ocrx_word' id='word_1_61' title='bbox 779 1054 940 1134; x_wconf 79' lang='lat' dir='ltr'>Quoniam</span> <span class='ocrx_word' id='word_1_62' title='bbox 961 1054 1058 1138; x_wconf 85' lang='lat' dir='ltr'>igitur</span> <span class='ocrx_word' id='word_1_63' title='bbox 1080 1055 1214 1118; x_wconf 83' lang='lat' dir='ltr'>ducatus</span> <span class='ocrx_word' id='word_1_64' title='bbox 1232 1053 1275 1117; x_wconf 89' lang='lat' dir='ltr'>ad</span> <span class='ocrx_word' id='word_1_65' title='bbox 1290 1055 1420 1140; x_wconf 89' lang='lat' dir='ltr'>episcc-</span> 
     </span>
     <span class='ocr_line' id='line_1_9' title="bbox 315 1136 1421 1224; baseline -0.001 -21"><span class='ocrx_word' id='word_1_66' title='bbox 315 1149 403 1204; x_wconf 89' lang='lat' dir='ltr'>atum</span> <span class='ocrx_word' id='word_1_67' title='bbox 436 1149 485 1204; x_wconf 90' lang='lat' dir='ltr'>est</span> <span class='ocrx_word' id='word_1_68' title='bbox 515 1137 697 1219; x_wconf 89' lang='lat' dir='ltr'>translatus,</span> <span class='ocrx_word' id='word_1_69' title='bbox 731 1159 796 1202; x_wconf 92' lang='lat' dir='ltr'>non</span> <span class='ocrx_word' id='word_1_70' title='bbox 828 1139 1031 1224; x_wconf 83' lang='lat' dir='ltr'>episcopatus</span> <span class='ocrx_word' id='word_1_71' title='bbox 1064 1137 1104 1202; x_wconf 89' lang='lat' dir='ltr'>ad</span> <span class='ocrx_word' id='word_1_72' title='bbox 1138 1136 1307 1221; x_wconf 73' lang='lat' dir='ltr'>ducatum,</span> <span class='ocrx_word' id='word_1_73' title='bbox 1333 1139 1421 1202; x_wconf 88' lang='lat' dir='ltr'>sicut</span> 
     </span>
     <span class='ocr_line' id='line_1_10' title="bbox 291 1161 1420 1306; baseline -0.001 -20"><span class='ocrx_word' id='word_1_74' title='bbox 291 1161 427 1288; x_wconf 74' lang='lat' dir='ltr'>llirsella</span> <span class='ocrx_word' id='word_1_75' title='bbox 448 1222 566 1288; x_wconf 89' lang='lat' dir='ltr'>dicitur</span> <span class='ocrx_word' id='word_1_76' title='bbox 586 1224 620 1285; x_wconf 91' lang='lat' dir='ltr'>in</span> <span class='ocrx_word' id='word_1_77' title='bbox 641 1223 767 1286; x_wconf 88' lang='lat' dir='ltr'>Renum</span> <span class='ocrx_word' id='word_1_78' title='bbox 789 1221 897 1304; x_wconf 89' lang='lat' dir='ltr'>fluere,</span> <span class='ocrx_word' id='word_1_79' title='bbox 919 1244 985 1286; x_wconf 92' lang='lat' dir='ltr'>non</span> <span class='ocrx_word' id='word_1_80' title='bbox 999 1223 1106 1287; x_wconf 88' lang='lat' dir='ltr'>Renus</span> <span class='ocrx_word' id='word_1_81' title='bbox 1128 1223 1162 1285; x_wconf 91' lang='lat' dir='ltr'>in</span> <span class='ocrx_word' id='word_1_82' title='bbox 1180 1219 1363 1306; x_wconf 75' lang='lat' dir='ltr'>Misellum,</span> <span class='ocrx_word' id='word_1_83' title='bbox 1387 1229 1420 1287; x_wconf 88' lang='lat' dir='ltr'>et</span> 
     </span>
     <span class='ocr_line' id='line_1_11' title="bbox 291 1303 1419 1393; baseline 0 -22"><span class='ocrx_word' id='word_1_84' title='bbox 291 1308 401 1372; x_wconf 88' lang='lat' dir='ltr'>Renus</span> <span class='ocrx_word' id='word_1_85' title='bbox 421 1307 625 1393; x_wconf 88' lang='lat' dir='ltr'>incorporata</span> <span class='ocrx_word' id='word_1_86' title='bbox 646 1305 708 1370; x_wconf 90' lang='lat' dir='ltr'>sibi</span> <span class='ocrx_word' id='word_1_87' title='bbox 722 1303 858 1372; x_wconf 79' lang='lat' dir='ltr'>Mirsella</span> <span class='ocrx_word' id='word_1_88' title='bbox 880 1329 1010 1373; x_wconf 89' lang='lat' dir='ltr'>cursum</span> <span class='ocrx_word' id='word_1_89' title='bbox 1031 1329 1124 1371; x_wconf 89' lang='lat' dir='ltr'>suum</span> <span class='ocrx_word' id='word_1_90' title='bbox 1147 1317 1262 1388; x_wconf 85' lang='lat' dir='ltr'>servat,</span> <span class='ocrx_word' id='word_1_91' title='bbox 1278 1307 1326 1372; x_wconf 88' lang='lat' dir='ltr'>ita</span> <span class='ocrx_word' id='word_1_92' title='bbox 1341 1328 1419 1393; x_wconf 92' lang='lat' dir='ltr'>quo-</span> 
     </span>
     <span class='ocr_line' id='line_1_12' title="bbox 293 1390 1420 1491; baseline 0 -36"><span class='ocrx_word' id='word_1_93' title='bbox 293 1413 356 1491; x_wconf 83' lang='lat' dir='ltr'>que</span> <span class='ocrx_word' id='word_1_94' title='bbox 377 1393 593 1478; x_wconf 85' lang='lat' dir='ltr'>episcopatus,</span> <span class='ocrx_word' id='word_1_95' title='bbox 615 1390 766 1455; x_wconf 88' lang='lat' dir='ltr'>adiuncto</span> <span class='ocrx_word' id='word_1_96' title='bbox 788 1391 850 1456; x_wconf 90' lang='lat' dir='ltr'>sibi</span> <span class='ocrx_word' id='word_1_97' title='bbox 872 1391 999 1473; x_wconf 88' lang='lat' dir='ltr'>ducatu,</span> <span class='ocrx_word' id='word_1_98' title='bbox 1022 1390 1107 1478; x_wconf 91' lang='lat' dir='ltr'>quod</span> <span class='ocrx_word' id='word_1_99' title='bbox 1137 1413 1231 1454; x_wconf 91' lang='lat' dir='ltr'>suum</span> <span class='ocrx_word' id='word_1_100' title='bbox 1261 1400 1332 1456; x_wconf 88' lang='lat' dir='ltr'>erat</span> <span class='ocrx_word' id='word_1_101' title='bbox 1360 1413 1420 1477; x_wconf 89' lang='lat' dir='ltr'>op·</span> 
     </span>
     <span class='ocr_line' id='line_1_13' title="bbox 291 1473 1421 1561; baseline -0.002 -21"><span class='ocrx_word' id='word_1_102' title='bbox 291 1476 386 1540; x_wconf 77' lang='lat' dir='ltr'>tinuit</span> <span class='ocrx_word' id='word_1_103' title='bbox 407 1484 439 1540; x_wconf 89' lang='lat' dir='ltr'>et</span> <span class='ocrx_word' id='word_1_104' title='bbox 460 1477 600 1541; x_wconf 89' lang='lat' dir='ltr'>servavit</span> <span class='ocrx_word' id='word_1_105' title='bbox 620 1474 817 1544; x_wconf 84' lang='lat' dir='ltr'>electionem.</span> <span class='ocrx_word' id='word_1_106' title='bbox 872 1475 958 1556; x_wconf 78' lang='lat' dir='ltr'>Quia</span> <span class='ocrx_word' id='word_1_107' title='bbox 986 1497 1064 1539; x_wconf 90' lang='lat' dir='ltr'>vero</span> <span class='ocrx_word' id='word_1_108' title='bbox 1092 1474 1151 1539; x_wconf 92' lang='lat' dir='ltr'>hec</span> <span class='ocrx_word' id='word_1_109' title='bbox 1180 1473 1293 1540; x_wconf 87' lang='lat' dir='ltr'>electio</span> <span class='ocrx_word' id='word_1_110' title='bbox 1316 1497 1421 1561; x_wconf 87' lang='lat' dir='ltr'>penes</span> 
     </span>
     <span class='ocr_line' id='line_1_14' title="bbox 293 1559 1421 1646; baseline -0.001 -22"><span class='ocrx_word' id='word_1_111' title='bbox 293 1559 413 1624; x_wconf 90' lang='lat' dir='ltr'>clerum</span> <span class='ocrx_word' id='word_1_112' title='bbox 435 1570 497 1643; x_wconf 86' lang='lat' dir='ltr'>est,</span> <span class='ocrx_word' id='word_1_113' title='bbox 520 1583 593 1625; x_wconf 85' lang='lat' dir='ltr'>cum</span> <span class='ocrx_word' id='word_1_114' title='bbox 617 1561 787 1646; x_wconf 85' lang='lat' dir='ltr'>episcopus</span> <span class='ocrx_word' id='word_1_115' title='bbox 810 1559 954 1645; x_wconf 84' lang='lat' dir='ltr'>eligatur,</span> <span class='ocrx_word' id='word_1_116' title='bbox 976 1571 1103 1624; x_wconf 74' lang='lat' dir='ltr'>nonne³</span> <span class='ocrx_word' id='word_1_117' title='bbox 1132 1581 1264 1624; x_wconf 86' lang='lat' dir='ltr'>necesse</span> <span class='ocrx_word' id='word_1_118' title='bbox 1292 1569 1353 1642; x_wconf 88' lang='lat' dir='ltr'>est,</span> <span class='ocrx_word' id='word_1_119' title='bbox 1382 1569 1421 1624; x_wconf 86' lang='lat' dir='ltr'>ut</span> 
     </span>
     <span class='ocr_line' id='line_1_15' title="bbox 293 1643 1419 1731; baseline -0.001 -23"><span class='ocrx_word' id='word_1_120' title='bbox 293 1645 361 1709; x_wconf 85' lang='lat' dir='ltr'>dux</span> <span class='ocrx_word' id='word_1_121' title='bbox 388 1666 517 1731; x_wconf 88' lang='lat' dir='ltr'>quoque</span> <span class='ocrx_word' id='word_1_122' title='bbox 543 1667 586 1708; x_wconf 89' lang='lat' dir='ltr'>ex</span> <span class='ocrx_word' id='word_1_123' title='bbox 612 1666 650 1709; x_wconf 91' lang='lat' dir='ltr'>eo</span> <span class='ocrx_word' id='word_1_124' title='bbox 678 1643 858 1710; x_wconf 79' lang='lat' dir='ltr'>statuatur?</span> <span class='ocrx_word' id='word_1_125' title='bbox 886 1643 971 1723; x_wconf 79' lang='lat' dir='ltr'>Quia</span> <span class='ocrx_word' id='word_1_126' title='bbox 991 1644 1037 1708; x_wconf 93' lang='lat' dir='ltr'>hii</span> <span class='ocrx_word' id='word_1_127' title='bbox 1059 1644 1123 1708; x_wconf 92' lang='lat' dir='ltr'>duo</span> <span class='ocrx_word' id='word_1_128' title='bbox 1145 1645 1348 1730; x_wconf 86' lang='lat' dir='ltr'>principatus</span> <span class='ocrx_word' id='word_1_129' title='bbox 1368 1645 1419 1708; x_wconf 91' lang='lat' dir='ltr'>in-</span> 
     </span>
     <span class='ocr_line' id='line_1_16' title="bbox 293 1727 1419 1816; baseline -0.002 -22"><span class='ocrx_word' id='word_1_130' title='bbox 293 1727 512 1816; x_wconf 89' lang='lat' dir='ltr'>separabiliter</span> <span class='ocrx_word' id='word_1_131' title='bbox 534 1731 576 1792; x_wconf 90' lang='lat' dir='ltr'>ad</span> <span class='ocrx_word' id='word_1_132' title='bbox 597 1730 736 1793; x_wconf 89' lang='lat' dir='ltr'>invicem</span> <span class='ocrx_word' id='word_1_133' title='bbox 758 1728 819 1793; x_wconf 90' lang='lat' dir='ltr'>sibi</span> <span class='ocrx_word' id='word_1_134' title='bbox 841 1739 915 1792; x_wconf 86' lang='lat' dir='ltr'>sunt</span> <span class='ocrx_word' id='word_1_135' title='bbox 934 1728 1073 1793; x_wconf 88' lang='lat' dir='ltr'>connexi</span> <span class='ocrx_word' id='word_1_136' title='bbox 1095 1737 1128 1793; x_wconf 86' lang='lat' dir='ltr'>et</span> <span class='ocrx_word' id='word_1_137' title='bbox 1149 1727 1245 1793; x_wconf 93' lang='lat' dir='ltr'>simul</span> <span class='ocrx_word' id='word_1_138' title='bbox 1259 1728 1301 1793; x_wconf 90' lang='lat' dir='ltr'>ad</span> <span class='ocrx_word' id='word_1_139' title='bbox 1316 1749 1419 1792; x_wconf 90' lang='lat' dir='ltr'>unam</span> 
     </span>
     <span class='ocr_line' id='line_1_17' title="bbox 295 1811 1418 1901; baseline 0 -23"><span class='ocrx_word' id='word_1_140' title='bbox 295 1814 494 1901; x_wconf 86' lang='lat' dir='ltr'>eandemque</span> <span class='ocrx_word' id='word_1_141' title='bbox 516 1814 668 1878; x_wconf 84' lang='lat' dir='ltr'>transsire</span> <span class='ocrx_word' id='word_1_142' title='bbox 690 1811 792 1878; x_wconf 91' lang='lat' dir='ltr'>solent</span> <span class='ocrx_word' id='word_1_143' title='bbox 812 1835 993 1899; x_wconf 87' lang='lat' dir='ltr'>personam,</span> <span class='ocrx_word' id='word_1_144' title='bbox 1017 1835 1091 1878; x_wconf 88' lang='lat' dir='ltr'>cum</span> <span class='ocrx_word' id='word_1_145' title='bbox 1113 1813 1304 1898; x_wconf 87' lang='lat' dir='ltr'>episcopum</span> <span class='ocrx_word' id='word_1_146' title='bbox 1319 1811 1418 1878; x_wconf 86' lang='lat' dir='ltr'>nobis</span> 
     </span>
     <span class='ocr_line' id='line_1_18' title="bbox 293 1895 1418 1984; baseline 0 -22"><span class='ocrx_word' id='word_1_147' title='bbox 293 1896 334 1963; x_wconf 91' lang='lat' dir='ltr'>eli</span> <span class='ocrx_word' id='word_1_148' title='bbox 358 1898 452 1978; x_wconf 89' lang='lat' dir='ltr'>imus,</span> <span class='ocrx_word' id='word_1_149' title='bbox 474 1897 588 1963; x_wconf 88' lang='lat' dir='ltr'>ducem</span> <span class='ocrx_word' id='word_1_150' title='bbox 612 1918 740 1983; x_wconf 89' lang='lat' dir='ltr'>quoque</span> <span class='ocrx_word' id='word_1_151' title='bbox 763 1897 859 1983; x_wconf 82' lang='lat' dir='ltr'>digne</span> <span class='ocrx_word' id='word_1_152' title='bbox 880 1897 974 1962; x_wconf 90' lang='lat' dir='ltr'>vobis</span> <span class='ocrx_word' id='word_1_153' title='bbox 989 1896 1183 1984; x_wconf 88' lang='lat' dir='ltr'>preficimus.</span> <span class='ocrx_word' id='word_1_154' title='bbox 1215 1895 1323 1961; x_wconf 86' lang='lat' dir='ltr'>Nichil</span> <span class='ocrx_word' id='word_1_155' title='bbox 1339 1919 1418 1983; x_wconf 85' lang='lat' dir='ltr'>ergo</span> 
     </span>
     <span class='ocr_line' id='line_1_19' title="bbox 293 1921 689 2048; baseline 0 -1"><span class='ocrx_word' id='word_1_156' title='bbox 293 1921 387 2048; x_wconf 67' lang='lat' dir='ltr'>vobis</span> <span class='ocrx_word' id='word_1_157' title='bbox 408 1983 524 2046; x_wconf 89' lang='lat' dir='ltr'>iniurie</span> <span class='ocrx_word' id='word_1_158' title='bbox 545 1982 689 2047; x_wconf 86' lang='lat' dir='ltr'>fecimus.</span> 
     </span>
    </p>

    <p class='ocr_par' dir='ltr' id='par_1_4' title="bbox 294 2064 1419 2637">
     <span class='ocr_line' id='line_1_20' title="bbox 377 2064 1418 2152; baseline -0.001 -22"><span class='ocrx_word' id='word_1_159' title='bbox 377 2067 506 2131; x_wconf 86' lang='lat' dir='ltr'>Laicus.</span> <span class='ocrx_word' id='word_1_160' title='bbox 548 2067 658 2149; x_wconf 86' lang='lat' dir='ltr'>Miror,</span> <span class='ocrx_word' id='word_1_161' title='bbox 682 2065 843 2152; x_wconf 88' lang='lat' dir='ltr'>quomodo</span> <span class='ocrx_word' id='word_1_162' title='bbox 865 2065 926 2130; x_wconf 91' lang='lat' dir='ltr'>hoc</span> <span class='ocrx_word' id='word_1_163' title='bbox 947 2064 1054 2130; x_wconf 85' lang='lat' dir='ltr'>dicero</span> <span class='ocrx_word' id='word_1_164' title='bbox 1075 2065 1189 2151; x_wconf 87' lang='lat' dir='ltr'>possis,</span> <span class='ocrx_word' id='word_1_165' title='bbox 1212 2086 1285 2128; x_wconf 89' lang='lat' dir='ltr'>cum</span> <span class='ocrx_word' id='word_1_166' title='bbox 1306 2075 1418 2152; x_wconf 88' lang='lat' dir='ltr'>preter</span> 
     </span>
     <span class='ocr_line' id='line_1_21' title="bbox 294 2149 1419 2237; baseline 0 -22"><span class='ocrx_word' id='word_1_167' title='bbox 294 2150 372 2215; x_wconf 91' lang='lat' dir='ltr'>iuris</span> <span class='ocrx_word' id='word_1_168' title='bbox 396 2151 540 2216; x_wconf 92' lang='lat' dir='ltr'>ordinem</span> <span class='ocrx_word' id='word_1_169' title='bbox 562 2162 669 2214; x_wconf 90' lang='lat' dir='ltr'>actum</span> <span class='ocrx_word' id='word_1_170' title='bbox 692 2152 733 2215; x_wconf 91' lang='lat' dir='ltr'>sit</span> <span class='ocrx_word' id='word_1_171' title='bbox 755 2149 840 2237; x_wconf 92' lang='lat' dir='ltr'>quod</span> <span class='ocrx_word' id='word_1_172' title='bbox 862 2151 992 2215; x_wconf 85' lang='lat' dir='ltr'>fecistis.</span> <span class='ocrx_word' id='word_1_173' title='bbox 1027 2151 1094 2214; x_wconf 90' lang='lat' dir='ltr'>Vos</span> <span class='ocrx_word' id='word_1_174' title='bbox 1116 2151 1201 2215; x_wconf 92' lang='lat' dir='ltr'>enim</span> <span class='ocrx_word' id='word_1_175' title='bbox 1222 2151 1300 2214; x_wconf 89' lang='lat' dir='ltr'>iuris</span> <span class='ocrx_word' id='word_1_176' title='bbox 1321 2150 1419 2230; x_wconf 87' lang='lat' dir='ltr'>periti</span> 
     </span>
     <span class='ocr_line' id='line_1_22' title="bbox 295 2233 1418 2320; baseline -0.003 -19"><span class='ocrx_word' id='word_1_177' title='bbox 295 2247 327 2301; x_wconf 84' lang='lat' dir='ltr'>et</span> <span class='ocrx_word' id='word_1_178' title='bbox 357 2256 416 2300; x_wconf 89' lang='lat' dir='ltr'>vos</span> <span class='ocrx_word' id='word_1_179' title='bbox 447 2233 602 2299; x_wconf 91' lang='lat' dir='ltr'>librorum</span> <span class='ocrx_word' id='word_1_180' title='bbox 635 2235 878 2299; x_wconf 88' lang='lat' dir='ltr'>manducatores</span> <span class='ocrx_word' id='word_1_181' title='bbox 912 2234 1017 2299; x_wconf 88' lang='lat' dir='ltr'>dicere</span> <span class='ocrx_word' id='word_1_182' title='bbox 1050 2234 1167 2316; x_wconf 91' lang='lat' dir='ltr'>soletis,</span> <span class='ocrx_word' id='word_1_183' title='bbox 1201 2233 1288 2320; x_wconf 92' lang='lat' dir='ltr'>quod</span> <span class='ocrx_word' id='word_1_184' title='bbox 1319 2255 1418 2299; x_wconf 86' lang='lat' dir='ltr'>nemo</span> 
     </span>
     <span class='ocr_line' id='line_1_23' title="bbox 294 2318 1418 2400; baseline -0.002 -16"><span class='ocrx_word' id='word_1_185' title='bbox 294 2321 409 2386; x_wconf 85' lang='lat' dir='ltr'>absens</span> <span class='ocrx_word' id='word_1_186' title='bbox 432 2319 620 2384; x_wconf 89' lang='lat' dir='ltr'>iudicandus</span> <span class='ocrx_word' id='word_1_187' title='bbox 644 2321 694 2400; x_wconf 89' lang='lat' dir='ltr'>sit,</span> <span class='ocrx_word' id='word_1_188' title='bbox 716 2330 748 2385; x_wconf 89' lang='lat' dir='ltr'>et</span> <span class='ocrx_word' id='word_1_189' title='bbox 769 2341 826 2384; x_wconf 90' lang='lat' dir='ltr'>vos</span> <span class='ocrx_word' id='word_1_190' title='bbox 848 2318 995 2384; x_wconf 88' lang='lat' dir='ltr'>absentes</span> <span class='ocrx_word' id='word_1_191' title='bbox 1024 2341 1092 2400; x_wconf 93' lang='lat' dir='ltr'>nos,</span> <span class='ocrx_word' id='word_1_192' title='bbox 1119 2340 1184 2383; x_wconf 91' lang='lat' dir='ltr'>non</span> <span class='ocrx_word' id='word_1_193' title='bbox 1211 2319 1326 2383; x_wconf 91' lang='lat' dir='ltr'>citatos</span> <span class='ocrx_word' id='word_1_194' title='bbox 1355 2339 1418 2384; x_wconf 90' lang='lat' dir='ltr'>uec</span> 
     </span>
     <span class='ocr_line' id='line_1_24' title="bbox 296 2403 1418 2491; baseline 0 -23"><span class='ocrx_word' id='word_1_195' title='bbox 296 2405 459 2470; x_wconf 86' lang='lat' dir='ltr'>convictos</span> <span class='ocrx_word' id='word_1_196' title='bbox 481 2426 585 2491; x_wconf 85' lang='lat' dir='ltr'>neque</span> <span class='ocrx_word' id='word_1_197' title='bbox 608 2403 778 2486; x_wconf 87' lang='lat' dir='ltr'>confessos,</span> <span class='ocrx_word' id='word_1_198' title='bbox 803 2404 1104 2468; x_wconf 85' lang='lat' dir='ltr'>excommunicastis</span> <span class='ocrx_word' id='word_1_199' title='bbox 1121 2413 1154 2468; x_wconf 92' lang='lat' dir='ltr'>et</span> <span class='ocrx_word' id='word_1_200' title='bbox 1167 2413 1266 2467; x_wconf 88' lang='lat' dir='ltr'>terras</span> <span class='ocrx_word' id='word_1_201' title='bbox 1288 2411 1418 2468; x_wconf 83' lang='lat' dir='ltr'>nostras</span> 
     </span>
     <span class='ocr_line' id='line_1_25' title="bbox 295 2487 1418 2575; baseline -0.001 -22"><span class='ocrx_word' id='word_1_202' title='bbox 295 2490 354 2554; x_wconf 88' lang='lat' dir='ltr'>sub</span> <span class='ocrx_word' id='word_1_203' title='bbox 377 2488 545 2554; x_wconf 90' lang='lat' dir='ltr'>interdicto</span> <span class='ocrx_word' id='word_1_204' title='bbox 567 2489 730 2575; x_wconf 88' lang='lat' dir='ltr'>posuistis.</span> <span class='ocrx_word' id='word_1_205' title='bbox 783 2487 897 2552; x_wconf 86' lang='lat' dir='ltr'>Nonne</span> <span class='ocrx_word' id='word_1_206' title='bbox 919 2487 979 2552; x_wconf 86' lang='lat' dir='ltr'>tibi</span> <span class='ocrx_word' id='word_1_207' title='bbox 1005 2487 1131 2552; x_wconf 83' lang='lat' dir='ltr'>videtur</span> <span class='ocrx_word' id='word_1_208' title='bbox 1156 2487 1217 2552; x_wconf 91' lang='lat' dir='ltr'>hec</span> <span class='ocrx_word' id='word_1_209' title='bbox 1245 2487 1418 2552; x_wconf 86' lang='lat' dir='ltr'>manifesta</span> 
     </span>
     <span class='ocr_line' id='line_1_26' title="bbox 296 2573 436 2637; baseline -0.014 0"><span class='ocrx_word' id='word_1_210' title='bbox 296 2573 436 2637; x_wconf 81' lang='lat' dir='ltr'>iniuria?</span> 
     </span>
    </p>

    <p class='ocr_par' dir='ltr' id='par_1_5' title="bbox 296 2654 1465 3231">
     <span class='ocr_line' id='line_1_27' title="bbox 381 2654 1418 2736; baseline -0.002 -14"><span class='ocrx_word' id='word_1_211' title='bbox 381 2655 533 2722; x_wconf 77' lang='lat' dir='ltr'>Clericus.</span> <span class='ocrx_word' id='word_1_212' title='bbox 596 2657 663 2721; x_wconf 90' lang='lat' dir='ltr'>Nos</span> <span class='ocrx_word' id='word_1_213' title='bbox 697 2656 759 2720; x_wconf 91' lang='lat' dir='ltr'>hoc</span> <span class='ocrx_word' id='word_1_214' title='bbox 785 2677 849 2720; x_wconf 92' lang='lat' dir='ltr'>non</span> <span class='ocrx_word' id='word_1_215' title='bbox 880 2655 1024 2736; x_wconf 86' lang='lat' dir='ltr'>fecimus,</span> <span class='ocrx_word' id='word_1_216' title='bbox 1053 2655 1111 2721; x_wconf 89' lang='lat' dir='ltr'>sed</span> <span class='ocrx_word' id='word_1_217' title='bbox 1135 2655 1259 2719; x_wconf 87' lang='lat' dir='ltr'>iudices</span> <span class='ocrx_word' id='word_1_218' title='bbox 1292 2654 1418 2720; x_wconf 91' lang='lat' dir='ltr'>domini</span> 
     </span>
     <span class='ocr_line' id='line_1_28' title="bbox 296 2740 1465 2828; baseline -0.002 -22"><span class='ocrx_word' id='word_1_219' title='bbox 296 2763 381 2828; x_wconf 88' lang='lat' dir='ltr'>pape</span> <span class='ocrx_word' id='word_1_220' title='bbox 406 2740 467 2804; x_wconf 92' lang='lat' dir='ltr'>hoc</span> <span class='ocrx_word' id='word_1_221' title='bbox 496 2741 648 2824; x_wconf 87' lang='lat' dir='ltr'>fecerunt,</span> <span class='ocrx_word' id='word_1_222' title='bbox 677 2742 733 2827; x_wconf 91' lang='lat' dir='ltr'>qui</span> <span class='ocrx_word' id='word_1_223' title='bbox 754 2751 861 2806; x_wconf 87' lang='lat' dir='ltr'>tamen</span> <span class='ocrx_word' id='word_1_224' title='bbox 888 2741 966 2804; x_wconf 89' lang='lat' dir='ltr'>iuris</span> <span class='ocrx_word' id='word_1_225' title='bbox 995 2740 1140 2804; x_wconf 91' lang='lat' dir='ltr'>ordinem</span> <span class='ocrx_word' id='word_1_226' title='bbox 1166 2762 1185 2804; x_wconf 95' lang='lat' dir='ltr'>o</span> <span class='ocrx_word' id='word_1_227' title='bbox 1210 2740 1288 2805; x_wconf 92' lang='lat' dir='ltr'>time</span> <span class='ocrx_word' id='word_1_228' title='bbox 1309 2762 1418 2805; x_wconf 83' lang='lat' dir='ltr'>serva·</span> <span class='ocrx_word' id='word_1_229' title='bbox 1461 2775 1465 2783; x_wconf 93' lang='lat'>·</span> 
     </span>
     <span class='ocr_line' id='line_1_29' title="bbox 296 2764 1418 2924; baseline -0.002 -33"><span class='ocrx_word' id='word_1_230' title='bbox 296 2832 420 2892; x_wconf 86' lang='lat' dir='ltr'>verunt.</span> <span class='ocrx_word' id='word_1_231' title='bbox 465 2825 547 2888; x_wconf 90' lang='lat' dir='ltr'>Nam</span> <span class='ocrx_word' id='word_1_232' title='bbox 567 2826 632 2911; x_wconf 90' lang='lat' dir='ltr'>ipsi</span> <span class='ocrx_word' id='word_1_233' title='bbox 652 2834 726 2911; x_wconf 89' lang='lat' dir='ltr'>post</span> <span class='ocrx_word' id='word_1_234' title='bbox 746 2824 871 2889; x_wconf 88' lang='lat' dir='ltr'>auditas</span> <span class='ocrx_word' id='word_1_235' title='bbox 894 2825 1035 2889; x_wconf 89' lang='lat' dir='ltr'>omnium</span> <span class='ocrx_word' id='word_1_236' title='bbox 1051 2838 1083 2890; x_wconf 90' lang='lat' dir='ltr'>et</span> <span class='ocrx_word' id='word_1_237' title='bbox 1097 2764 1295 2924; x_wconf 68' lang='lat' dir='ltr'>singularum</span> <span class='ocrx_word' id='word_1_238' title='bbox 1317 2823 1418 2889; x_wconf 87' lang='lat' dir='ltr'>ecole-</span> 
     </span>
     <span class='ocr_line' id='line_1_30' title="bbox 297 2907 1418 2996; baseline -0.003 -19"><span class='ocrx_word' id='word_1_239' title='bbox 297 2913 414 2977; x_wconf 87' lang='lat' dir='ltr'>siarum</span> <span class='ocrx_word' id='word_1_240' title='bbox 438 2910 653 2996; x_wconf 89' lang='lat' dir='ltr'>querimonias</span> <span class='ocrx_word' id='word_1_241' title='bbox 675 2932 732 2975; x_wconf 89' lang='lat' dir='ltr'>vos</span> <span class='ocrx_word' id='word_1_242' title='bbox 747 2911 923 2974; x_wconf 86' lang='lat' dir='ltr'>citaverunt</span> <span class='ocrx_word' id='word_1_243' title='bbox 938 2918 970 2974; x_wconf 90' lang='lat' dir='ltr'>et</span> <span class='ocrx_word' id='word_1_244' title='bbox 983 2931 1042 2995; x_wconf 90' lang='lat' dir='ltr'>per</span> <span class='ocrx_word' id='word_1_245' title='bbox 1056 2909 1250 2974; x_wconf 85' lang='lat' dir='ltr'>suffic1entes</span> <span class='ocrx_word' id='word_1_246' title='bbox 1268 2907 1418 2974; x_wconf 87' lang='lat' dir='ltr'>inducias</span> 
     </span>
     <span class='ocr_line' id='line_1_31' title="bbox 296 2992 1419 3080; baseline -0.003 -19"><span class='ocrx_word' id='word_1_247' title='bbox 296 2995 383 3062; x_wconf 92' lang='lat' dir='ltr'>diem</span> <span class='ocrx_word' id='word_1_248' title='bbox 404 2995 438 3058; x_wconf 92' lang='lat' dir='ltr'>in</span> <span class='ocrx_word' id='word_1_249' title='bbox 458 2995 527 3059; x_wconf 88' lang='lat' dir='ltr'>iure</span> <span class='ocrx_word' id='word_1_250' title='bbox 549 2994 757 3080; x_wconf 88' lang='lat' dir='ltr'>comparendi</span> <span class='ocrx_word' id='word_1_251' title='bbox 778 2992 871 3058; x_wconf 90' lang='lat' dir='ltr'>vohis</span> <span class='ocrx_word' id='word_1_252' title='bbox 892 2993 1105 3078; x_wconf 81' lang='lat' dir='ltr'>prefixerunt3</span> <span class='ocrx_word' id='word_1_253' title='bbox 1128 3003 1255 3058; x_wconf 89' lang='lat' dir='ltr'>etcum</span> <span class='ocrx_word' id='word_1_254' title='bbox 1276 2992 1419 3078; x_wconf 87' lang='lat' dir='ltr'>amplius</span> 
     </span>
     <span class='ocr_line' id='line_1_32' title="bbox 298 3078 1416 3167; baseline -0.004 -19"><span class='ocrx_word' id='word_1_255' title='bbox 298 3081 374 3148; x_wconf 90' lang='lat' dir='ltr'>satis</span> <span class='ocrx_word' id='word_1_256' title='bbox 405 3100 502 3167; x_wconf 89' lang='lat' dir='ltr'>quam</span> <span class='ocrx_word' id='word_1_257' title='bbox 528 3100 659 3144; x_wconf 86' lang='lat' dir='ltr'>necesse</span> <span class='ocrx_word' id='word_1_258' title='bbox 688 3088 772 3144; x_wconf 88' lang='lat' dir='ltr'>esset</span> <span class='ocrx_word' id='word_1_259' title='bbox 797 3079 972 3165; x_wconf 85' lang='lat' dir='ltr'>exspectati</span> <span class='ocrx_word' id='word_1_260' title='bbox 993 3078 1098 3142; x_wconf 89' lang='lat' dir='ltr'>fuistis</span> <span class='ocrx_word' id='word_1_261' title='bbox 1127 3087 1160 3144; x_wconf 90' lang='lat' dir='ltr'>et</span> <span class='ocrx_word' id='word_1_262' title='bbox 1176 3099 1245 3142; x_wconf 90' lang='lat' dir='ltr'>non</span> <span class='ocrx_word' id='word_1_263' title='bbox 1272 3079 1416 3162; x_wconf 88' lang='lat' dir='ltr'>venistis,</span> 
     </span>
     <span class='ocr_line' id='line_1_33' title="bbox 298 3162 1029 3231; baseline -0.004 0"><span class='ocrx_word' id='word_1_264' title='bbox 298 3166 439 3231; x_wconf 89' lang='lat' dir='ltr'>debitam</span> <span class='ocrx_word' id='word_1_265' title='bbox 462 3171 571 3228; x_wconf 90' lang='lat' dir='ltr'>contra</span> <span class='ocrx_word' id='word_1_266' title='bbox 592 3185 650 3227; x_wconf 89' lang='lat' dir='ltr'>vos</span> <span class='ocrx_word' id='word_1_267' title='bbox 671 3162 809 3228; x_wconf 88' lang='lat' dir='ltr'>tulerunt</span> <span class='ocrx_word' id='word_1_268' title='bbox 831 3163 1029 3228; x_wconf 89' lang='lat' dir='ltr'>sententiam.</span> 
     </span>
    </p>

    <p class='ocr_par' dir='ltr' id='par_1_6' title="bbox 382 3245 1310 3327">
     <span class='ocr_line' id='line_1_34' title="bbox 382 3245 1310 3327; baseline -0.005 -15"><span class='ocrx_word' id='word_1_269' title='bbox 382 3248 508 3312; x_wconf 86' lang='lat' dir='ltr'>Laicus.</span> <span class='ocrx_word' id='word_1_270' title='bbox 552 3247 633 3327; x_wconf 79' lang='lat' dir='ltr'>Quis</span> <span class='ocrx_word' id='word_1_271' title='bbox 654 3246 748 3312; x_wconf 89' lang='lat' dir='ltr'>nobis</span> <span class='ocrx_word' id='word_1_272' title='bbox 770 3247 853 3311; x_wconf 87' lang='lat' dir='ltr'>hanc</span> <span class='ocrx_word' id='word_1_273' title='bbox 876 3247 1059 3312; x_wconf 89' lang='lat' dir='ltr'>citationem</span> <span class='ocrx_word' id='word_1_274' title='bbox 1082 3245 1310 3310; x_wconf 79' lang='lat' dir='ltr'>denunciavit?</span> 
     </span>
    </p>

    <p class='ocr_par' dir='ltr' id='par_1_7' title="bbox 297 3328 1416 4261">
     <span class='ocr_line' id='line_1_35' title="bbox 383 3328 1416 3418; baseline -0.001 -23"><span class='ocrx_word' id='word_1_275' title='bbox 383 3331 535 3396; x_wconf 79' lang='lat' dir='ltr'>Clericus.</span> <span class='ocrx_word' id='word_1_276' title='bbox 578 3330 653 3395; x_wconf 90' lang='lat' dir='ltr'>Alio</span> <span class='ocrx_word' id='word_1_277' title='bbox 675 3331 770 3396; x_wconf 92' lang='lat' dir='ltr'>modo</span> <span class='ocrx_word' id='word_1_278' title='bbox 793 3352 890 3418; x_wconf 90' lang='lat' dir='ltr'>quam</span> <span class='ocrx_word' id='word_1_279' title='bbox 911 3331 1094 3395; x_wconf 88' lang='lat' dir='ltr'>factumest</span> <span class='ocrx_word' id='word_1_280' title='bbox 1113 3328 1206 3394; x_wconf 90' lang='lat' dir='ltr'>vobis</span> <span class='ocrx_word' id='word_1_281' title='bbox 1227 3329 1416 3395; x_wconf 86' lang='lat' dir='ltr'>denunciari</span> 
     </span>
     <span class='ocr_line' id='line_1_36' title="bbox 297 3412 1416 3502; baseline -0.002 -21"><span class='ocrx_word' id='word_1_282' title='bbox 297 3439 362 3482; x_wconf 90' lang='lat' dir='ltr'>non</span> <span class='ocrx_word' id='word_1_283' title='bbox 384 3416 511 3498; x_wconf 72' lang='lat' dir='ltr'>debuit,</span> <span class='ocrx_word' id='word_1_284' title='bbox 534 3417 611 3502; x_wconf 89' lang='lat' dir='ltr'>quia</span> <span class='ocrx_word' id='word_1_285' title='bbox 632 3416 755 3480; x_wconf 88' lang='lat' dir='ltr'>iudices</span> <span class='ocrx_word' id='word_1_286' title='bbox 777 3415 898 3480; x_wconf 92' lang='lat' dir='ltr'>domini</span> <span class='ocrx_word' id='word_1_287' title='bbox 919 3436 1003 3501; x_wconf 89' lang='lat' dir='ltr'>pape</span> <span class='ocrx_word' id='word_1_288' title='bbox 1023 3416 1057 3478; x_wconf 91' lang='lat' dir='ltr'>in</span> <span class='ocrx_word' id='word_1_289' title='bbox 1071 3412 1207 3480; x_wconf 89' lang='lat' dir='ltr'>ecclesia</span> <span class='ocrx_word' id='word_1_290' title='bbox 1221 3412 1416 3498; x_wconf 84' lang='lat' dir='ltr'>beatiPehi,</span> 
     </span>
     <span class='ocr_line' id='line_1_37' title="bbox 298 3498 1415 3588; baseline -0.002 -22"><span class='ocrx_word' id='word_1_291' title='bbox 298 3523 361 3588; x_wconf 89' lang='lat' dir='ltr'>que</span> <span class='ocrx_word' id='word_1_292' title='bbox 383 3509 489 3566; x_wconf 89' lang='lat' dir='ltr'>vestra</span> <span class='ocrx_word' id='word_1_293' title='bbox 510 3510 558 3564; x_wconf 91' lang='lat' dir='ltr'>est</span> <span class='ocrx_word' id='word_1_294' title='bbox 579 3498 787 3586; x_wconf 89' lang='lat' dir='ltr'>parrochialis</span> <span class='ocrx_word' id='word_1_295' title='bbox 810 3498 955 3581; x_wconf 89' lang='lat' dir='ltr'>ecclesia,</span> <span class='ocrx_word' id='word_1_296' title='bbox 978 3500 1065 3564; x_wconf 92' lang='lat' dir='ltr'>etin</span> <span class='ocrx_word' id='word_1_297' title='bbox 1094 3521 1157 3585; x_wconf 90' lang='lat' dir='ltr'>qua</span> <span class='ocrx_word' id='word_1_298' title='bbox 1185 3499 1333 3563; x_wconf 91' lang='lat' dir='ltr'>sinodum</span> <span class='ocrx_word' id='word_1_299' title='bbox 1360 3522 1415 3588; x_wconf 89' lang='lat' dir='ltr'>pa·</span> 
     </span>
     <span class='ocr_line' id='line_1_38' title="bbox 298 3581 1415 3670; baseline -0.004 -19"><span class='ocrx_word' id='word_1_300' title='bbox 298 3585 392 3651; x_wconf 88' lang='lat' dir='ltr'>storis</span> <span class='ocrx_word' id='word_1_301' title='bbox 413 3584 521 3665; x_wconf 88' lang='lat' dir='ltr'>vestri,</span> <span class='ocrx_word' id='word_1_302' title='bbox 543 3583 577 3647; x_wconf 92' lang='lat' dir='ltr'>id</span> <span class='ocrx_word' id='word_1_303' title='bbox 599 3594 648 3649; x_wconf 90' lang='lat' dir='ltr'>cst</span> <span class='ocrx_word' id='word_1_304' title='bbox 669 3585 914 3670; x_wconf 88' lang='lat' dir='ltr'>archiepiscopi,</span> <span class='ocrx_word' id='word_1_305' title='bbox 937 3605 1063 3648; x_wconf 87' lang='lat' dir='ltr'>servare</span> <span class='ocrx_word' id='word_1_306' title='bbox 1086 3582 1207 3648; x_wconf 91' lang='lat' dir='ltr'>debetis</span> <span class='ocrx_word' id='word_1_307' title='bbox 1235 3605 1273 3646; x_wconf 91' lang='lat' dir='ltr'>ac</span> <span class='ocrx_word' id='word_1_308' title='bbox 1297 3581 1415 3666; x_wconf 87' lang='lat' dir='ltr'>soletis,</span> 
     </span>
     <span class='ocr_line' id='line_1_39' title="bbox 297 3666 1415 3752; baseline -0.002 -18"><span class='ocrx_word' id='word_1_309' title='bbox 297 3692 357 3734; x_wconf 85' lang='lat' dir='ltr'>vos</span> <span class='ocrx_word' id='word_1_310' title='bbox 379 3669 558 3734; x_wconf 87' lang='lat' dir='ltr'>citaverunt</span> <span class='ocrx_word' id='word_1_311' title='bbox 579 3677 611 3732; x_wconf 89' lang='lat' dir='ltr'>et</span> <span class='ocrx_word' id='word_1_312' title='bbox 633 3688 703 3734; x_wconf 90' lang='lat' dir='ltr'>eam</span> <span class='ocrx_word' id='word_1_313' title='bbox 726 3669 908 3734; x_wconf 83' lang='lat' dir='ltr'>citationem</span> <span class='ocrx_word' id='word_1_314' title='bbox 929 3669 962 3730; x_wconf 91' lang='lat' dir='ltr'>in</span> <span class='ocrx_word' id='word_1_315' title='bbox 982 3666 1112 3752; x_wconf 88' lang='lat' dir='ltr'>pubhco</span> <span class='ocrx_word' id='word_1_316' title='bbox 1138 3667 1322 3731; x_wconf 86' lang='lat' dir='ltr'>emiserunt.</span> <span class='ocrx_word' id='word_1_317' title='bbox 1376 3668 1415 3732; x_wconf 92' lang='lat' dir='ltr'>In</span> 
     </span>
     <span class='ocr_line' id='line_1_40' title="bbox 297 3750 1416 3838; baseline -0.003 -19"><span class='ocrx_word' id='word_1_318' title='bbox 297 3753 380 3819; x_wconf 87' lang='lat' dir='ltr'>villis</span> <span class='ocrx_word' id='word_1_319' title='bbox 402 3755 515 3818; x_wconf 89' lang='lat' dir='ltr'>vestris</span> <span class='ocrx_word' id='word_1_320' title='bbox 537 3753 564 3816; x_wconf 90' lang='lat' dir='ltr'>si</span> <span class='ocrx_word' id='word_1_321' title='bbox 585 3751 701 3838; x_wconf 88' lang='lat' dir='ltr'>aliquis</span> <span class='ocrx_word' id='word_1_322' title='bbox 722 3753 868 3819; x_wconf 86' lang='lat' dir='ltr'>citandus</span> <span class='ocrx_word' id='word_1_323' title='bbox 890 3761 938 3816; x_wconf 91' lang='lat' dir='ltr'>est</span> <span class='ocrx_word' id='word_1_324' title='bbox 959 3753 1016 3838; x_wconf 92' lang='lat' dir='ltr'>qui</span> <span class='ocrx_word' id='word_1_325' title='bbox 1030 3753 1114 3816; x_wconf 88' lang='lat' dir='ltr'>intra</span> <span class='ocrx_word' id='word_1_326' title='bbox 1127 3750 1328 3837; x_wconf 89' lang='lat' dir='ltr'>parrochiam</span> <span class='ocrx_word' id='word_1_327' title='bbox 1351 3773 1416 3816; x_wconf 90' lang='lat' dir='ltr'>mo·</span> 
     </span>
     <span class='ocr_line' id='line_1_41' title="bbox 298 3834 1415 3920; baseline -0.003 -17"><span class='ocrx_word' id='word_1_328' title='bbox 298 3849 395 3920; x_wconf 90' lang='lat' dir='ltr'>ratur,</span> <span class='ocrx_word' id='word_1_329' title='bbox 417 3858 522 3901; x_wconf 88' lang='lat' dir='ltr'>noune</span> <span class='ocrx_word' id='word_1_330' title='bbox 545 3837 652 3902; x_wconf 85' lang='lat' dir='ltr'>citatio</span> <span class='ocrx_word' id='word_1_331' title='bbox 675 3861 695 3902; x_wconf 90' lang='lat' dir='ltr'>a</span> <span class='ocrx_word' id='word_1_332' title='bbox 716 3837 882 3902; x_wconf 86' lang='lat' dir='ltr'>sacerdote</span> <span class='ocrx_word' id='word_1_333' title='bbox 897 3837 930 3900; x_wconf 92' lang='lat' dir='ltr'>in</span> <span class='ocrx_word' id='word_1_334' title='bbox 945 3834 1080 3901; x_wconf 90' lang='lat' dir='ltr'>ecclesia</span> <span class='ocrx_word' id='word_1_335' title='bbox 1094 3845 1167 3900; x_wconf 89' lang='lat' dir='ltr'>ante</span> <span class='ocrx_word' id='word_1_336' title='bbox 1183 3835 1282 3900; x_wconf 88' lang='lat' dir='ltr'>altare</span> <span class='ocrx_word' id='word_1_337' title='bbox 1298 3838 1415 3901; x_wconf 89' lang='lat' dir='ltr'>emissa</span> 
     </span>
     <span class='ocr_line' id='line_1_42' title="bbox 299 3918 1415 4007; baseline -0.002 -19"><span class='ocrx_word' id='word_1_338' title='bbox 299 3921 417 3988; x_wconf 82' lang='lat' dir='ltr'>sufficit</span> <span class='ocrx_word' id='word_1_339' title='bbox 438 3922 507 3985; x_wconf 88' lang='lat' dir='ltr'>sine</span> <span class='ocrx_word' id='word_1_340' title='bbox 528 3918 636 4007; x_wconf 89' lang='lat' dir='ltr'>aliqua</span> <span class='ocrx_word' id='word_1_341' title='bbox 657 3921 805 3987; x_wconf 87' lang='lat' dir='ltr'>ulteriore</span> <span class='ocrx_word' id='word_1_342' title='bbox 832 3919 1095 3986; x_wconf 73' lang='lat' dir='ltr'>denuntiatione?</span> <span class='ocrx_word' id='word_1_343' title='bbox 1129 3919 1232 3984; x_wconf 89' lang='lat' dir='ltr'>Simili</span> <span class='ocrx_word' id='word_1_344' title='bbox 1260 3920 1357 3984; x_wconf 90' lang='lat' dir='ltr'>modo</span> <span class='ocrx_word' id='word_1_345' title='bbox 1383 3930 1415 3986; x_wconf 92' lang='lat' dir='ltr'>et</span> 
     </span>
     <span class='ocr_line' id='line_1_43' title="bbox 298 4004 1415 4103; baseline -0.002 -33"><span class='ocrx_word' id='word_1_346' title='bbox 298 4005 358 4072; x_wconf 89' lang='lat' dir='ltr'>hec</span> <span class='ocrx_word' id='word_1_347' title='bbox 385 4006 531 4070; x_wconf 89' lang='lat' dir='ltr'>sufficere</span> <span class='ocrx_word' id='word_1_348' title='bbox 559 4004 679 4087; x_wconf 87' lang='lat' dir='ltr'>debuit,</span> <span class='ocrx_word' id='word_1_349' title='bbox 707 4007 874 4092; x_wconf 86' lang='lat' dir='ltr'>presertim</span> <span class='ocrx_word' id='word_1_350' title='bbox 911 4005 986 4092; x_wconf 91' lang='lat' dir='ltr'>quia</span> <span class='ocrx_word' id='word_1_351' title='bbox 1010 4026 1068 4069; x_wconf 89' lang='lat' dir='ltr'>vos</span> <span class='ocrx_word' id='word_1_352' title='bbox 1099 4006 1183 4069; x_wconf 88' lang='lat' dir='ltr'>intra</span> <span class='ocrx_word' id='word_1_353' title='bbox 1215 4004 1415 4103; x_wconf 88' lang='lat' dir='ltr'>parrochiam</span> 
     </span>
     <span class='ocr_line' id='line_1_44' title="bbox 298 4087 1415 4189; baseline -0.002 -34"><span class='ocrx_word' id='word_1_354' title='bbox 298 4101 448 4172; x_wconf 87' lang='lat' dir='ltr'>vestram,</span> <span class='ocrx_word' id='word_1_355' title='bbox 471 4089 505 4154; x_wconf 94' lang='lat' dir='ltr'>id</span> <span class='ocrx_word' id='word_1_356' title='bbox 527 4099 576 4154; x_wconf 90' lang='lat' dir='ltr'>est</span> <span class='ocrx_word' id='word_1_357' title='bbox 596 4091 828 4189; x_wconf 87' lang='lat' dir='ltr'>episcopatum,</span> <span class='ocrx_word' id='word_1_358' title='bbox 850 4090 1035 4171; x_wconf 84' lang='lat' dir='ltr'>moramini3</span> <span class='ocrx_word' id='word_1_359' title='bbox 1058 4099 1125 4154; x_wconf 86' lang='lat' dir='ltr'>tota</span> <span class='ocrx_word' id='word_1_360' title='bbox 1147 4087 1306 4174; x_wconf 78' lang='lat' dir='ltr'>siquidem</span> <span class='ocrx_word' id='word_1_361' title='bbox 1326 4087 1415 4153; x_wconf 76' lang='lat' dir='ltr'>(lole-</span> 
     </span>
     <span class='ocr_line' id='line_1_45' title="bbox 298 4172 1126 4261; baseline -0.002 -23"><span class='ocrx_word' id='word_1_362' title='bbox 298 4175 416 4239; x_wconf 86' lang='lat' dir='ltr'>niensis</span> <span class='ocrx_word' id='word_1_363' title='bbox 439 4173 573 4239; x_wconf 90' lang='lat' dir='ltr'>ecclesie</span> <span class='ocrx_word' id='word_1_364' title='bbox 594 4174 731 4240; x_wconf 77' lang='lat' dir='ltr'>diocesis</span> <span class='ocrx_word' id='word_1_365' title='bbox 752 4177 858 4241; x_wconf 83' lang='lat' dir='ltr'>vestra</span> <span class='ocrx_word' id='word_1_366' title='bbox 880 4183 928 4240; x_wconf 89' lang='lat' dir='ltr'>est</span> <span class='ocrx_word' id='word_1_367' title='bbox 948 4172 1126 4261; x_wconf 88' lang='lat' dir='ltr'>parrochia.</span> 
     </span>
    </p>
   </div>
   <div class='ocr_carea' id='block_1_4' title="bbox 300 4323 668 4389">
    <p class='ocr_par' dir='ltr' id='par_1_8' title="bbox 300 4323 668 4389">
     <span class='ocr_line' id='line_1_46' title="bbox 300 4323 668 4389; baseline 0.003 -11"><span class='ocrx_word' id='word_1_368' title='bbox 300 4334 322 4389; x_wconf 76' lang='grc' dir='ltr'>ι)</span> <span class='ocrx_word' id='word_1_369' title='bbox 338 4368 343 4380; x_wconf 92' lang='grc'><em>.</em></span> <span class='ocrx_word' id='word_1_370' title='bbox 363 4346 394 4378; x_wconf 70' lang='grc' dir='ltr'>,τ</span> <span class='ocrx_word' id='word_1_371' title='bbox 411 4348 423 4378; x_wconf 86' lang='lat' dir='ltr'>e</span> <span class='ocrx_word' id='word_1_372' title='bbox 438 4338 463 4378; x_wconf 77' lang='lat' dir='ltr'>in</span> <span class='ocrx_word' id='word_1_373' title='bbox 478 4323 546 4388; x_wconf 63' lang='lat' dir='ltr'>muro.</span> <span class='ocrx_word' id='word_1_374' title='bbox 563 4339 634 4389; x_wconf 79' lang='lat' dir='ltr'>suppl.</span> <span class='ocrx_word' id='word_1_375' title='bbox 650 4350 668 4380; x_wconf 86' lang='lat' dir='ltr'>c.</span> 
     </span>
    </p>
   </div>
   <div class='ocr_carea' id='block_1_5' title="bbox 0 0 1482 4998">
    <p class='ocr_par' dir='ltr' id='par_1_9' title="bbox 0 0 1482 4998">
     <span class='ocr_line' id='line_1_47' title="bbox 0 0 1482 4998; baseline 0 0"><span class='ocrx_word' id='word_1_376' title='bbox 0 0 1482 4998; x_wconf 95' lang='lat' dir='ltr'> </span> 
     </span>
    </p>
   </div>
  </div>
 </body>
</html>
