2924 5006
285 412 338 462 206
386 409 572 463 CHRONICA
590 409 704 462 Rnoii
723 409 975 462 commosis.
996 407 1101 461 CONT.
1120 409 1174 460 ΙΙΙ.
1192 409 1224 460 i.
1239 406 1319 457 1203.

687 581 892 636 Receusiel.
912 589 937 634 et
955 582 997 635 11.

281 680 417 756 possent
437 673 600 751 mancine·
621 670 717 734 uadis
733 668 920 769 profundis
935 671 1153 752 existentibus,
1168 678 1258 734 non⁸
1266 679 1401 754 potera·

285 776 357 818 mus
380 754 467 819 elias
488 755 644 834 transire,
673 755 739 817 nisi
767 750 902 817 multam
924 752 1115 837 faceremus
1144 763 1322 818 insuram.
1367 753 1405 820 si

285 860 359 903 uero
382 861 404 902 a
426 848 535 904 nostro
557 839 694 924 naoipio
714 837 810 923 lonae
832 837 1038 921 distaremus,
1038 836 1199 988 gemuisse
1213 837 1405 923 periculum

285 945 443 1010 maynum
470 922 720 987 incurrissemus
743 930 771 985 et
793 921 981 1006 dampnum.
1063 945 1117 986 um
1140 924 1405 1008 pervenissemus

287 1007 333 1071 ad
359 1016 491 1092 pontem
511 1008 633 1093 ipsum,
654 1006 720 1069 Dei
744 1005 913 1090 patientia
941 1003 1031 1070 nullo
1061 1006 1203 1071 obstante
1226 1015 1407 1090 pertrans·

285 1092 438 1173 ivimusb,
467 1100 495 1155 et
514 1090 726 1176 procedentes
747 1090 889 1154 tentoria
917 1098 1052 1154 nostra⁶
1066 1091 1209 1174 finimus
1233 1093 1325 1155 inter
1339 1114 1406 1175 pa·

286 1175 408 1240 lecium
428 1176 637 1259 imperatoris
659 1183 688 1236 et
735 1173 878 1238 alecium
889 1173 1062 1256 Boimond,
1084 1183 1114 1237 et
1127 1176 1174 1238 sic
1189 1176 1407 1260 propinqua·

286 1261 393 1322 vimus
402 1259 574 1342 palacium
586 1258 674 1344 quod
725 1259 870 1322 acberna
882 1257 1014 1338 dicitur,
1026 1258 1113 1344 quod
1123 1263 1263 1344 sapittac
1275 1267 1410 1323 uosuae

287 1343 447 1408 cadebant
467 1364 506 1405 su
530 1365 571 1404 re
586 1342 761 1427 palacium
783 1351 813 1406 et
832 1341 928 1426 infra
944 1342 1120 1426 palacium
1136 1365 1200 1428 per
1220 1341 1407 1427 fenestras,

287 1436 316 1491 et
337 1429 476 1513 sapittae
547 1448 676 1490 ecorum
697 1449 797 1511 super
817 1428 958 1490 tentoria
979 1437 1103 1492 nostra.
1147 1427 1217 1490 Hoc
1229 1426 1331 1510 fecto
1353 1450 1406 1491 ea·

287 1512 421 1576 ercitum
443 1520 589 1575 nostrum
611 1509 828 1575 conclusimus
849 1511 994 1597 prossis‘l
1010 1509 1104 1596 palis
1127 1520 1155 1575 et
1172 1513 1407 1576 circumcincti-

287 1617 358 1659 mus
379 1593 475 1676 liciis,
498 1594 615 1659 deinde
642 1597 862 1659 instrumenta
892 1604 1005 1658 nostra
1034 1594 1149 1660 bellice
1177 1604 1205 1660 et
1233 1598 1409 1680 petrarias

288 1680 448 1744 arcuimus
470 1687 544 1742 ante
565 1701 686 1742 muros.
734 1680 817 1743 Dua
843 1700 918 1743 uero
949 1680 1076 1744 Veneti⁰
1105 1702 1204 1766 super
1231 1679 1411 1765 quemlibet

288 1765 399 1828 neuim
422 1761 638 1849 constrinocit‘
673 1763 712 1828 de
748 1766 958 1848 entempnisss
981 1773 1113 1848 pontem
1143 1761 1341 1828 altissimum
1369 1765 1408 1827 in

289 1847 462 1913 altitudine
485 1847 546 1911 100
561 1847 664 1931 pedes
687 1848 861 1928 labentem,
884 1856 913 1911 et
935 1849 1055 1932 superh
1070 1848 1253 1933 quantitati
1272 1856 1408 1933 pontem

283 1941 438 2017 poterent
458 1934 508 1996 ire
528 1931 550 1996 4
570 1931 686 1996 milites
708 1931 748 1996 de
760 1931 885 2017 fronte.
906 1932 1079 1996 'Preterea
1108 1931 1240 2018 quilibet
1266 1933 1409 1996 asurim

287 2016 500 2103 moponellum
515 2039 610 2080 suum
625 2015 760 2080 babebat
781 2026 927 2081 erectum.
961 2017 1050 2081 Dum
1073 2017 1202 2080 auum*
1223 2017 1283 2080 boc
1295 2015 1407 2099 fieret,

289 2099 387 2165 Greci
408 2100 501 2166 nobis
516 2100 603 2185 pede
625 2110 654 2163 et
675 2122 755 2184 equo
772 2099 890 2187 plures
904 2102 1068 2165 instanter
1079 2099 1233 2186 fecerunt
1246 2099 1408 2165 insultus.

295 2183 408 2249 Verum
430 2185 610 2269 superbae
631 2207 730 2271 quam
751 2207 812 2249 nos
834 2183 973 2250 deterius
1001 2186 1193 2250 babuerunt.
1250 2181 1408 2259 Quadam

287 2269 341 2333 die
361 2270 508 2333 menime
528 2267 667 2333 militum
688 2267 859 2334 multitudo
881 2270 920 2334 de
942 2271 1087 2355 quedem
1096 2280 1199 2354 porta
1213 2271 1407 2334 catervatim

287 2354 464 2438 eprediens,
480 2376 563 2439 quae
571 2362 674 2438 porta
689 2363 785 2438 patet
799 2377 821 2418 e
836 2354 969 2418 daura
986 2363 1085 2438 perte
1095 2353 1227 2438 palacii
1240 2357 1407 2440 superius,

288 2438 396 2503 eailiit
416 2447 445 2501 et
465 2460 525 2502 nos
541 2440 736 2521 prouocauit
758 2438 803 2502 ad
825 2459 940 2519 arme,·
963 2461 1043 2523 quos
1063 2439 1169 2503 nostri
1182 2461 1255 2502 cum
1275 2440 1407 2524 inpenti

288 2523 409 2606 impetu
438 2532 467 2585 et
484 2521 574 2606 forti
603 2522 776 2586 audacter¹
804 2518 1005 2607 repulerunt,
1037 2522 1124 2607 quod
1154 2523 1248 2586 malti
1282 2545 1406 2604 eorum,

289 2605 389 2670 altero
412 2605 549 2669 alterum
569 2606 765 2686 inculcante,
786 2615 981 2671 corruerunt
1002 2607 1039 2670 in
1051 2605 1191 2691 fossas,
1213 2608 1299 2670 inter
1324 2629 1408 2691 quos

280 2687 376 2770 filius
398 2690 492 2753 ducis
515 2689 553 2754 de
575 2690 718 2770 Durata,
740 2692 799 2775 qui
823 2693 910 2756 inter
933 2689 1310 2774 Constantinopolitanae
1329 2689 1406 2775 for-

288 2775 353 2838 tior
374 2782 403 2835 et
418 2773 592 2858 pulcbrior
613 2774 792 2855 dicebatur,
814 2798 886 2838 cum
908 2773 986 2838 aliis
1002 2775 1197 2860 quibusdam
1213 2784 1407 2874 peremptas

288 2866 342 2920 est.
388 2857 545 2922 Crastina
566 2881 690 2944 quoque
712 2859 766 2922 die
786 2859 928 2957 quedam
949 2860 1064 2924 cobors
1092 2857 1231 2923 militum
1260 2861 1406 2923 ciuitatis

287 2963 348 3005 ner
362 2950 496 3025 portem
509 2941 716 3007 Blecberuee
737 2944 839 3006 cmvii
859 2965 899 3006 ea
914 2952 1014 3026 perte
1036 2966 1103 3028 qua
1124 2944 1264 3028 inpenie
1285 2951 1404 3006 nostra

281 3006 401 3090 bellice
431 3027 516 3113 eripi
534 3026 725 3111 feceramus
732 3049 744 3108 ,·
778 3026 834 3090 sed
861 3027 931 3090 Deo
960 3027 1095 3092 iuuante
1127 3028 1305 3091 retromissi
1326 3035 1406 3090 suat

287 3111 429 3194 turpiter
449 3119 478 3174 et
493 3119 650 3196 potenter.
685 3113 773 3174 Tunc
795 3111 931 3211 quidam
952 3118 1092 3175 retentus
1112 3120 1158 3175 est
1171 3112 1224 3174 uir
1238 3109 1405 3174 nobilissi-

287 3217 369 3275 mus,
395 3194 558 3278 potentior
586 3203 616 3257 ct
643 3196 680 3258 in
706 3193 833 3258 milicia
862 3193 976 3259 melior
1005 3194 1152 3259 omuibus
1175 3193 1404 3260 Constantino-

283 3277 455 3362 politanis,
477 3279 535 3364 qui
556 3276 769 3342 consiliarius
790 3280 999 3363 imperatoris
1021 3289 1101 3342 erat.
1152 3279 1216 3343 Die
1241 3278 1409 3344 Mercurii

282 3371 359 3446 post
381 3363 648 3426 ordinationemm
670 3360 746 3446 fuit
772 3371 801 3426 ct
823 3384 891 3448 pro
916 3365 1043 3444 ositum,
1096 3363 1163 3427 uod
1190 3365 1227 3428 in
1257 3365 1406 3427 crastino

279 3445 376 3528 fleret
397 3446 442 3510 ad
463 3447 623 3511 civitatem
645 3445 797 3524 assultus,
819 3386 967 3511 uidelicet
989 3447 1059 3512 dua
1107 3449 1191 3510 eneti
1218 3469 1280 3532 per
1301 3468 1404 3528 mere,

288 3551 390 3594 cemes
403 3529 631 3608 flandrensis,
653 3552 754 3595 conces
769 3529 984 3596 Ludewicasn
1001 3553 1066 3614 per
1084 3541 1206 3595 terrem
1227 3528 1406 3612 assilirent,

261 3611 265 3622 '
288 3624 317 3679 et
337 3614 484 3679 mercbio
506 3637 578 3679 cum
598 3614 675 3679 illis.
707 3615 780 3715 Epo
802 3615 963 3700 siquidem
985 3616 1070 3679 etM.
1092 3616 1132 3680 de
1143 3616 1404 3680 Montrnorcnci⁰

288 3707 317 3762 et
337 3697 557 3762 marscalcusi’
582 3698 786 3783 Campaniae
802 3698 839 3763 0.
854 3701 894 3764 de
909 3697 1031 3765 Sancto
1045 3699 1181 3786 Cyrene,
1197 3699 1275 3764 dum
1298 3699 1402 3764 assul-

288 3791 339 3846 tus
360 3781 465 3864 fieret,
492 3783 725 3847 custodiremus
755 3786 929 3849 caercitum
950 3783 1144 3868 forinsecus
1172 3785 1259 3848 inter
1283 3783 1403 3849 uallum

288 3875 317 3930 ct
344 3879 516 3951 camposi;
546 3876 575 3931 et
606 3868 653 3930 sic
670 3866 839 3952 scaiman
874 3869 977 3932 Facta
1003 3877 1110 3932 eutem
1140 3867 1350 3932 ordinatione
1376 3877 1408 3932 et

283 3953 454 4037 preposito
487 3952 675 4031 terminato,
708 3952 778 4016 dua
810 3961 838 4016 et
878 3953 999 4018 Visnctd
1030 3975 1102 4017 cum
1135 3951 1332 4037 quibusdem
1364 3953 1404 4016 de

287 4129 311 4182 ι)
327 4133 351 4171 et
364 4141 413 4171 nan
428 4133 469 4173 al.
487 4132 508 4173 i.
568 4129 592 4184 b)
607 4132 756 4172 tranavimus
772 4131 817 4172 131.
883 4129 904 4184 c)
921 4133 977 4172 dccet
992 4132 1036 4174 01.
1105 4131 1128 4183 d)
1145 4132 1203 4184 fissa
1220 4129 1325 4185 (musis)
1341 4133 1401 4172 coda.

288 4189 311 4241 e)
332 4190 443 4230 Venetiae
465 4191 503 4239 ii,
518 4195 537 4230 ct
551 4190 583 4230 ita
604 4191 674 4240 infre.
748 4190 927 4242 ocensirunxit
946 4203 1004 4232 corr.
1021 4193 1159 4233 constrinxit
1174 4193 1223 4243 οἱς
1239 4192 1360 4232 constitnit
1373 4190 1402 4232 Ι.

288 4247 311 4300 g)
321 4249 451 4298 cntempsi·
465 4249 525 4290 codd.
584 4248 609 4301 h)
625 4259 696 4299 snpra
711 4251 754 4291 01.
769 4251 791 4292 i.
856 4247 1179 4302 i)qnsmlibet131.01.i.
1246 4247 1271 4303 i)
1288 4251 1400 4292 decrivi

286 4308 304 4359 1)
313 4307 436 4350 tnadactsr
450 4307 498 4349 Bi.
557 4306 590 4360 ns)
598 4309 729 4350 ordinatum
745 4309 774 4350 it.
819 4306 990 4361 n)Lndowicns
1005 4310 1054 4350 Bi.
1106 4309 1308 4362 emamanuel
1323 4309 1404 4352 Bm.

288 4367 522 4417 comessatorem
538 4369 585 4418 οη
601 4368 847 4409 tinnio-Morentisco
863 4369 892 4408 ii.
953 4367 977 4420 p)
986 4369 1137 4410 marescallus
1153 4371 1195 4412 ci.
1261 4366 1286 4420 q)
1296 4379 1403 4421 campum

286 4437 343 4469 carr.
360 4435 452 4476 campos
468 4425 521 4476 1315
536 4437 578 4476 per
593 4437 686 4477 campos
701 4427 730 4469 ii.
