2934 4998
319 419 374 470 oce
412 417 599 471 ennomus
611 417 723 468 ascri
738 415 989 469 cononrnnsrs.
1009 415 1407 469 OONT.111.A.1218.1219.
1445 393 1446 398 ‘

724 588 893 642 Recenrio
913 590 939 640 I.
960 599 993 641 ct
1012 589 1053 640 II.

256 696 310 737 oric.
321 687 412 736 hostes
430 685 573 751 resumptis
592 684 692 735 viribus
712 690 739 734 et
757 684 852 734 animis
871 681 959 732 locum
979 681 1055 733 illurn
1074 689 1215 750 occupant,
1234 700 1251 733 a
1271 700 1328 750 quo
1353 684 1428 734 chri·

321 759 432 810 atiani
450 760 589 809 transitum
606 757 792 808 miraculosum
812 756 946 820 fecerant3
967 760 995 806 et
1007 757 1046 806 sic
1061 772 1106 806 eos
1123 756 1289 820 obsidentes,
1305 758 1429 808 civitaten

321 833 374 899 ipsi
392 831 569 898 periculosius
588 830 759 895 obsederunt,
779 835 806 880 et
824 831 875 880 nisi
894 845 942 895 per
956 829 1073 880 divinum
1087 830 1227 881 consilium
1240 833 1332 897 prima
1345 837 1429 892 castra,

320 920 389 972 quae
401 911 476 955 eraut
484 907 554 955 inter
564 919 637 955 marc
648 911 674 955 et
684 904 801 964 fluvium,
811 909 916 954 retenta
924 902 1045 962 fuissent,
1056 905 1169 954 maxime
1183 920 1230 971 per
1242 905 1431 954 Theutonieon

320 984 347 1029 et
365 972 528 1041 nresonesb,
547 984 638 1045 portus
658 980 697 1028 eis
715 978 820 1028 ablatus
838 977 934 1027 fuisset
953 983 980 1026 et
1004 979 1140 1041 negotium
1163 977 1310 1044 plurimum
1335 977 1430 1044 pericli-

245 1057 310 1103 1219.
319 1056 404 1103 tatum
422 1051 586 1103 vacillasset.
621 1051 665 1101 Ad
684 1056 805 1101 tantam⁰
825 1052 905 1101 etiam
925 1049 1068 1100 Sarraceni
1085 1046 1286 1116 pervenerunrd
1306 1052 1431 1101 temerita-

187 1133 253 1176 ror.
271 1131 383 1188 satem,
401 1130 431 1175 ut
450 1125 569 1174 diluculo
588 1124 696 1175 sabbati
715 1130 777 1174 aute
797 1123 999 1174 dominicam
1020 1123 1098 1175 Oculi
1117 1126 1170 1174 mei
1190 1141 1249 1174 oum
1269 1126 1354 1190 gravi
1376 1123 1431 1174 mul·

320 1196 433 1248 titudine
452 1199 561 1264 propius
581 1197 742 1248 accederent
760 1203 788 1248 et
806 1212 890 1263 usque
910 1197 938 1246 in
960 1197 1088 1247 fossatum
1108 1213 1136 1248 se
1156 1199 1369 1264 precipitarent;
1393 1197 1431 1249 scd

321 1270 412 1321 divino
432 1270 530 1321 auxilio
552 1286 611 1321 cum
630 1271 706 1336 gravi
725 1271 840 1338 dampno
861 1272 978 1351 equitum
998 1277 1025 1320 et
1041 1287 1167 1336 equorum
1186 1271 1289 1338 repulsi
1309 1277 1382 1322 sunt.

697 1336 793 1401 Anno
810 1337 942 1401 Domini
967 1337 1057 1400 1219.

411 1427 516 1493 Regina
548 1429 684 1479 civitatum
706 1428 890 1489 lherosolima,
922 1443 990 1494 quae
1022 1428 1164 1479 videbatur
1193 1429 1433 1496 inexpugnabiliter

320 1502 432 1561 munita,
452 1500 588 1552 destructa
607 1507 647 1552 est
665 1517 682 1550 a
702 1501 845 1562 Ocradino,
865 1499 920 1551 lilio
940 1500 1096 1567 Saphadini‚
1115 1503 1179 1554 foris
1205 1509 1233 1553 et
1257 1505 1348 1567 intus3
1374 1503 1433 1552 muri

321 1576 378 1624 eius
405 1590 465 1624 cum
487 1574 602 1626 turribus
626 1575 731 1625 redacti
753 1581 814 1626 sunt
842 1577 869 1624 in
900 1590 1012 1626 acervos
1037 1574 1166 1642 lapidum,
1194 1583 1283 1642 preter
1310 1576 1432 1642 templum

318 1648 428 1697 Domini
447 1653 474 1699 et
491 1650 583 1698 turrim
602 1647 701 1700 David.
739 1649 782 1698 De
800 1648 917 1713 glorioso
936 1647 1078 1714 sepulchro
1108 1649 1270 1701 destruendo
1298 1649 1431 1700 consilium

318 1720 468 1771 habuerunt
486 1721 637 1782 sarraceni,
657 1727 684 1772 et
702 1737 750 1788 per
768 1722 871 1772 litteras
891 1723 1046 1772 comminati
1070 1729 1139 1786 sunt,
1166 1740 1231 1788 quas
1258 1723 1366 1774 civibus
1383 1723 1429 1772 Da·

318 1796 417 1844 miatee
428 1797 556 1846 miserunt
565 1796 599 1845 ad
612 1797 730 1860 ipsorum
743 1795 883 1859 solatium
897 1795 945 1846 sed
955 1811 1033 1846 nemo
1044 1797 1107 1846 huic
1117 1798 1263 1847 temeritati
1276 1796 1431 1863 presumpsit

186 1870 253 1912 narr.
270 1873 306 1916 tt.
318 1884 411 1918 manus
437 1875 590 1934 apponeree
615 1874 722 1935 propter
744 1869 799 1920 loci
823 1871 1008 1920 reverentiam.
1065 1870 1098 1919 ln
1130 1870 1174 1920 die
1199 1870 1353 1936 palmarum
1378 1869 1431 1917 anui

317 1941 458 2007 prescripti
471 1943 574 1993 inimici
588 1958 647 1992 cum
660 1941 849 1993 innumerabili
862 1944 981 1993 exercitu
995 1945 1113 2010 equiturn
1128 1949 1155 1993 et
1169 1944 1290 2010 peditum
1305 1945 1429 1993 irruerunt

318 2007 414 2082 supcrf
431 2015 577 2076 fideles,
596 2015 715 2081 undique
734 2017 863 2068 fossatum
884 2032 973 2066 eorum
992 2016 1164 2080 invadentes;
1185 2025 1212 2068 et
1236 2033 1289 2068 uon
1320 2022 1362 2067 est
1383 2015 1430 2064 illis

319 2103 351 2138 ea
370 2089 414 2138 die
433 2088 523 2139 datum
538 2089 662 2154 gestandi
678 2090 745 2141 alias
758 2091 862 2157 palmas
881 2097 969 2155 preter
982 2090 1094 2141 balistas
1108 2095 1135 2140 et
1149 2107 1225 2140 arcus
1240 2107 1303 2140 cum
1322 2089 1428 2154 sagittis,

318 2159 427 2212 lanceas
448 2167 474 2212 et
493 2162 599 2228 gladios
619 2179 678 2213 cum
699 2164 801 2230 clipeis.
852 2164 928 2215 Adeo
948 2164 1086 2216 instabant
1105 2170 1132 2214 et
1149 2164 1284 2214 vexabant
1306 2163 1428 2214 audac·

317 2239 409 2298 tert,
429 2237 475 2301 qui
495 2243 673 2286 couvenerant
686 2237 720 2286 ad
734 2237 900 2304 perdendum
915 2253 961 2289 eos
974 2238 1061 2288 studio
1075 2237 1231 2287 liberandae
1252 2239 1381 2296 civitatis,
1399 2234 1427 2284 ab

318 2313 376 2358 ortu
394 2308 459 2358 solis
478 2325 562 2375 usqne
582 2309 617 2360 ad
637 2311 728 2359 horam
747 2311 802 2360 fere
823 2311 969 2373 decimaru3
994 2312 1102 2361 tandem
1121 2305 1247 2376 fatigatih
1267 2313 1428 2361 renuerunt

223 2389 347 2435 Matase
367 2397 426 2431 cnm
447 2382 561 2448 dampno
581 2385 704 2433 maximo.
733 2385 821 2434 Item
840 2385 955 2434 infesto
975 2385 1258 2435 ascensionisDomini
1274 2400 1326 2450 per
1338 2389 1426 2434 terram

318 2460 346 2506 et
364 2471 460 2521 aquam
480 2458 612 2508 irruerunt
624 2456 721 2522 perfidi
740 2474 777 2508 su
784 2473 845 2523 per
862 2456 1006 2519 fideles,
1027 2457 1075 2508 sed
1095 2457 1210 2507 nichil
1229 2457 1362 2508 adversus
1375 2448 1426 2506 eosi

220 2547 307 2588 surm,
317 2528 455 2594 prevalere
475 2535 605 2595 poteraut.
642 2530 733 2580 Pridie
746 2547 809 2581 vero
823 2530 884 2580 Kal.
898 2531 1012 2595 Augusti
1031 2547 1135 2581 omnem
1149 2547 1218 2597 pene
1233 2546 1314 2596 quam
1335 2530 1424 2580 babere

317 2607 443 2668 poterant
462 2603 628 2655 adducentes
653 2607 766 2670 copiam,
793 2611 853 2669 post
873 2604 989 2654 diutinos
1016 2599 1152 2656 assultus¹¹
1171 2604 1280 2655 tandem
1300 2605 1424 2656 fossatum

319 2681 411 2726 contra
430 2676 553 2727 militiam
571 2678 676 2744 Templi
701 2684 878 2740 transeuntes,
902 2677 1006 2743 pedites
1031 2683 1167 2728 verterunt
1190 2679 1218 2727 in
1236 2678 1340 2743 fugam,
1365 2676 1425 2726 adeo

318 2754 348 2799 ut
362 2753 435 2800 totus
460 2751 593 2801 exercitus
621 2752 823 2802 christianorum
849 2751 1054 2817 periclitaretur.
1094 2751 1148 2802 Sed
1169 2767 1241 2801 cum
1266 2767 1317 2817 per
1332 2749 1423 2800 milites

318 2827 392 2872 extra
410 2822 540 2875 fossatum
553 2840 607 2874 non
626 2831 757 2891 possent
771 2823 886 2889 repelli,
907 2826 1035 2889 magister
1051 2824 1156 2891 Templi
1172 2841 1232 2874 cum
1249 2815 1424 2876 marescalcol

318 2897 467 2963 ceterisque
485 2898 610 2948 fratribus
630 2899 684 2948 suis
704 2899 750 2964 qui
768 2904 833 2948 tunc
852 2897 965 2948 aderant
983 2914 1030 2964 per
1049 2900 1149 2948 exitum
1174 2903 1318 2963 angustum
1338 2899 1423 2963 inpetu

315 2968 397 3030 facto,
423 2970 535 3022 viriliter
558 2971 711 3022 incredulos
734 2973 816 3022 vertit
846 2972 875 3021 in
903 2972 1004 3036 fugam.
1054 2971 1348 3038 commissumque
1378 2973 1423 3019 est

314 3044 468 3109 prelium
497 3045 535 3094 ab
564 3047 740 3111 utrisque,
773 3047 860 3096 donec
889 3044 1074 3112 crepusculum
1105 3047 1286 3111 vespertinum
1315 3043 1422 3112 prelium

315 3115 435 3180 diremit3
456 3117 597 3169 Sarraceni
609 3119 711 3184 priores
727 3119 862 3181 abierunt;
882 3120 1030 3170 occisorum
1046 3135 1157 3186 corpora
1170 3118 1333 3184 perfidorum
1346 3122 1421 3169 strata

314 3191 441 3242 iacebant
458 3193 533 3242 iuxta
551 3192 678 3242 fossatum
697 3191 812 3258 plurima
835 3195 923 3258 preter
943 3209 988 3243 eos
1015 3195 1061 3258 qui
1084 3195 1201 3244 sauciati
1219 3193 1338 3256 graviter
1357 3190 1421 3241 rel¹¹¹

315 3263 412 3314 leviter
437 3265 542 3315 reducti
567 3271 628 3315 sunt
652 3265 687 3314 ad
713 3272 810 3316 castra.
848 3266 932 3315 Pauci
958 3265 991 3315 de
1016 3266 1185 3318 fidelibus
1210 3266 1348 3316 interfecti
1370 3267 1423 3315 sunt

315 3337 372 3388 vel
391 3340 472 3405 capti.
511 3340 691 3389 Instrumenta
710 3344 802 3389 contra
818 3340 954 3390 civitatem
974 3345 1117 3405 preparata
1131 3340 1261 3391 conbusta
1280 3347 1343 3391 sunt
1358 3335 1421 3388 ade·

314 3411 465 3464 {cusoribus
485 3413 542 3463 eius
561 3411 616 3461 fere
643 3415 733 3462 omnia
757 3417 846 3479 preter
865 3412 985 3464 scalasn.
1023 3412 1201 3476 Ienueuses⁰‚
1221 3414 1324 3476 Pisani,
1344 3413 1422 3463 Vene-

315 3485 383 3536 tiani
395 3484 505 3536 firmiter
517 3485 683 3546 asserebant,
701 3501 731 3537 se
752 3487 888 3537 civitatem
907 3493 1105 3552 expugnaturos
1124 3503 1172 3552 per
1187 3487 1204 3535 4
1217 3503 1309 3548 naves,
1329 3483 1422 3551 super?

317 3574 385 3624 quas
405 3558 495 3610 scalae
515 3558 678 3626 pendebant.
708 3560 811 3622 Quibus
830 3559 936 3624 legatus
957 3560 1123 3626 apostolicae
1143 3560 1216 3611 sedis
1235 3566 1353 3626 sumptus
1369 3570 1421 3624 pre·

316 3632 376 3683 buit
395 3633 519 3698 copiosos
539 3631 572 3681 de
593 3633 735 3684 communi.
772 3632 971 3698 Aggredientes
997 3635 1089 3700 itaque
1110 3634 1255 3697 civitatem,
1280 3635 1364 3699 primo
1383 3629 1422 3678 dit

315 3704 413 3759 multos
437 3705 626 3757 iuterfecerunt
652 3712 680 3756 et
701 3706 921 3766 vulneraverunt,
949 3710 976 3758 et
1001 3713 1099 3773 quanto
1124 3708 1236 3774 sepiust
1261 3704 1421 3773 postmodum

316 3779 443 3830 assultum
462 3779 593 3842 feceruut,
618 3785 693 3830 tauto
713 3781 799 3844 magis
825 3781 894 3831 muri
912 3779 1010 3830 firmati
1029 3787 1091 3832 sunt
1109 3781 1208 3845 ligneis
1230 3779 1375 3832 castellulis
1392 3788 1422 3825 ac

315 3852 412 3916 liciisl,
438 3852 592 3904 defensores
621 3855 702 3903 etiam
731 3853 864 3905 robustius
894 3859 921 3904 et
946 3852 1079 3905 efficatius
1106 3869 1136 3904 se
1156 3854 1325 3904 venientibus
1345 3863 1421 3918 oppo-

315 3931 434 3986 suerunt,
445 3933 472 3977 et
481 3929 520 3978 sic
531 3925 622 3977 scalae
633 3926 770 3977 mutilatae
780 3929 937 3994 perignem,
951 3927 1060 3979 tandem
1072 3928 1173 3978 infecto
1184 3928 1292 3993 negotio
1302 3929 1422 3978 reductae

316 4069 487 4121 a)'l'cut.B1.
561 4069 585 4124 b)
600 4072 711 4112 Frlsones
728 4073 768 4114 01,
778 4074 798 4116 2.
877 4071 898 4124 c)
915 4077 989 4113 latam
1004 4073 1052 4123 013
1068 4077 1139 4114 totam
1156 4075 1200 4117 ot.
1273 4069 1297 4123 d)
1313 4073 1367 4112 deest
1382 4066 1417 4110 Oi·

317 4130 340 4181 e)
361 4139 477 4180 opponere
497 4131 573 4173 Bkt.
634 4129 712 4182 ocrea
726 4133 758 4172 ael
772 4137 867 4182 quotuor
882 4134 965 4172 litterae
980 4143 1056 4173 nosce
1071 4133 1118 4174 Bl.
1191 4129 1215 4183 g)
1238 4132 1358 4172 aucdacter
1375 4127 1419 4167 Bl.

317 4187 342 4240 h)
358 4187 434 4236 fugati
449 4190 495 4240 0¹5
517 4190 572 4230 daret
594 4190 637 4230 02.
727 4191 745 4242 i)
768 4203 849 4232 eorum
868 4193 928 4234 codd.
1018 4191 1043 4244 k)
1066 4193 1166 4232 assuitos
1186 4202 1242 4230 corr.
1264 4190 1362 4231 assultus
1376 4186 1416 4226 Bl-

316 4245 334 4299 l)
350 4248 473 4290 marscallo
494 4249 544 4299 013
565 4250 692 4289 marscalco
712 4249 754 4290 Gt.
820 4249 852 4302 ru)
868 4255 892 4291 ot
907 4251 950 4292 01.
963 4253 983 4294 2.
1050 4249 1075 4303 n)
1096 4252 1170 4292 scalas
1190 4251 1321 4291 lenuenses.
1350 4242 1420 4290 Primi

319 4305 352 4346 Ol.
368 4307 414 4346 cod.
475 4305 497 4359 o)
512 4308 638 4349 leonenses
655 4310 697 4350 01.
706 4310 727 4350 2.
786 4307 811 4360 p)
826 4320 897 4360 supra
911 4311 958 4352 Bt.
1019 4308 1043 4361 q)
1056 4316 1108 4360 poet
1129 4309 1200 4360 mppr.
1217 4309 1266 4350 Bl.

317 4421 346 4490 1)
367 4422 520 4475 Castrorum
539 4433 585 4476 out
609 4425 714 4477 urbium
732 4427 874 4494 repopulo5
896 4428 957 4479 vide
977 4427 1115 4496 Congium.
1138 4427 1167 4482 P.
