2942 4998
202 382 390 434 CHRONICA
409 383 522 436 REGIA
543 384 784 439 COLONIENSIS
804 387 836 438 A.
859 387 1049 440 1082-1096.
1148 390 1183 440 39

59 567 158 617 alienis
182 565 253 629 cepit
266 565 293 613 in
309 564 383 614 brevi
398 564 540 629 despectus
555 565 655 616 haberi.
692 554 839 619 Domnus
861 553 1060 622 Humbertus
1081 556 1183 624 abbas

60 638 156 719 obiit,
180 646 212 701 et
233 636 386 700 succeseit
407 635 632 709 Herimannus‚

141 729 185 779 27.
223 727 255 778 A.
274 727 310 777 D.
338 725 416 776 1083.
454 727 633 780 Herimannus
660 745 718 780 eum
744 732 838 796 paneis
862 731 1018 784 orientalem
1039 734 1181 784 Franeiam
1192 741 1242 782 ata.

58 801 199 854 hostiliter
217 801 323 851 invasit.
361 801 446 850 Roma
467 803 570 868 eapitur
588 803 623 852 ab
642 802 771 854 Heinrieo
791 819 855 870 rege
884 807 909 856 4.
929 807 998 856 Non.
1018 806 1089 857 Iunii
1114 807 1181 858 feria

59 877 88 926 6.
112 873 270 926 ebdomadis
289 879 468 940 pentecostes.
507 874 708 926 Hildebrandus
728 883 816 928 autem
835 894 907 944 papa
926 879 1051 930 oeculte³
1069 880 1182 947 fugiens,

58 949 206 1001 Salernum
222 949 342 1010 secessit,
361 941 419 998 ibib
434 964 517 1014 usque
532 948 566 998 ad
580 949 650 999 diem
665 952 756 1002 mortis
775 967 823 1002 sue
835 955 989 1019 permansit.
1021 953 1221 1006 PestileneiaA·
1231 959 1283 1000 Ros.

56 1039 114 1074 rna
145 1039 187 1073 na
206 1021 245 1072 fit.

119 1040 186 1147 ἔ28.
222 1097 255 1146 A.
275 1096 310 1146 D.
333 1093 412 1146 1084.
449 1095 840 1148 Heinrieuerexinloeum
860 1098 1243 1167 Hildebrandiwig-me.

58 1172 170 1220 bertum
190 1171 333 1220 Ravennae
354 1170 508 1236 episcopum
527 1170 680 1235 petentibus
698 1171 826 1222 Romanis
851 1173 951 1236 statuit,
978 1177 1005 1224 et
1029 1173 1117 1224 dietus
1143 1179 1183 1227 est

59 1244 192 1295 Clemens
212 1241 358 1305 seeundus;
379 1257 394 1291 a
414 1259 466 1308 quo
485 1243 543 1309 ipse
563 1258 609 1292 rex
629 1259 688 1293 cum
706 1245 800 1309 regina
819 1246 919 1296 Bertha
938 1248 964 1296 in
985 1254 1079 1297 saneta
1098 1248 1183 1299 domi·

57 1320 128 1368 nica
155 1317 271 1383 paschae
296 1315 429 1382 imperiali
454 1313 642 1366 benedictione
668 1317 834 1368 sublimatur.
877 1319 941 1370 Post
965 1319 1016 1370 heo
1039 1322 1184 1388 imperator

60 1392 98 1441 de
119 1390 204 1460 Italia
223 1389 385 1455 digrediens,
410 1390 557 1455 Augustam
585 1391 720 1441 civitatem
744 1392 777 1441 ab
796 1391 951 1444 Alemannis
976 1395 1116 1446 invasamc
1136 1396 1183 1447 ob·

62 1463 140 1516 sedit
160 1469 187 1514 et
206 1465 286 1530 cepit.

141 1538 186 1589 29.
224 1538 256 1587 A.
275 1538 311 1588 Ι).
332 1535 411 1586 1085.
448 1535 650 1588 Hildebrandus
669 1553 748 1604 papa,
769 1541 814 1605 qui
836 1545 863 1590 et
882 1540 1026 1605 Gregorius
1046 1543 1183 1608 septimus,

60 1611 138 1678 apud
154 1610 292 1663 Salernum
307 1611 425 1669 moritur,
446 1614 473 1659 et
484 1610 522 1660 ibi
535 1610 671 1677 sepelitur.
703 1612 753 1661 Pro
770 1628 822 1677 quo
837 1614 908 1674 Otto,
929 1615 987 1680 qui
1007 1620 1039 1665 et
1050 1615 1183 1678 Urbanus,

58 1687 139 1753 prius
161 1685 291 1736 Ostiensis
311 1684 460 1749 epiecopus,
480 1684 656 1734 substituitur.

141 1758 186 1806 30.
224 1759 257 1809 A.
271 1758 305 1808 D.
321 1756 400 1806 1086.
432 1757 574 1816 Heinrioue
591 1758 997 1824 imperatorSaxuniamvastat.
1030 1762 1183 1829 Wireiburg
1192 1779 1243 1818 aas,

60 1849 79 1882 a
101 1832 254 1883 Senonibus
274 1836 352 1896 captu
373 1835 421 1893 est,
442 1836 468 1880 et
487 1847 548 1881 mox
567 1831 600 1880 ab
620 1832 779 1897 imperatore
799 1834 940 1898 adquisita.
1192 1836 1308 1880 Affli-

141 1905 186 1954 31.
205 1905 237 1954 A.
248 1904 283 1953 D.
296 1903 375 1953 1087.
395 1903 581 1966 Herimaunus,
594 1904 662 1956 falso
679 1931 708 1941 ·—
726 1932 759 1940 -
775 1905 913 1956 obsidione
928 1902 1056 1958 inter-iisd.
1082 1907 1182 1961 nutet.

140 1978 186 2030 32.
219 1979 251 2028 A.
272 1977 307 2026 D.
329 1975 408 2026 1088.
441 1977 541 2028 Bertlra
566 1978 719 2044 imperatrix
745 1979 811 2030 obiit
836 1985 863 2030 et
889 1980 965 2047 Spire
996 1980 1101 2049 sepulta
1134 1987 1182 2036 est.

60 2055 189 2118 Augusta
209 2077 241 2087 -
261 2077 298 2086 —
317 2049 467 2101 destruitur.
505 2049 569 2100 ittet

140 2119 191 2187 33.
230 2113 270 2187 A,
290 2115 333 2185 Ι)
358 2117 446 2181 1089.
486 2117 633 2216 Domnus
656 2117 835 2218 Sigewinus
857 2117 1055 2185 Coloniensis
1082 2120 1347 2192 arenianes...

62 2205 239 2288 episeopus
262 2201 351 2283 obut,
380 2212 411 2265 et
432 2211 605 2266 suecessrte
629 2203 847 2268 Heumannus
867 2204 948 2268 ΙΠ.1
971 2216 1183 2291 cognomento

61 2289 181 2356 Dives.

141 2379 290 2444 imperator
308 2378 414 2443 nuptias
434 2402 469 2413 -
489 2404 525 2413 -
543 2393 660 2428 uxorem.
698 2377 798 2429 Esset.

143 2443 323 2527 Cunradus,
344 2442 429 2506 filius
445 2444 513 2508 eius
529 2445 644 2526 senior,
664 2447 793 2529 ungitur
806 2446 839 2507 in
854 2466 962 2530 regem
977 2443 1182 2532 Aquisgrani,

142 2536 187 2586 34.
224 2536 257 2587 A.
276 2535 310 2586 D.
333 2528 432 2584 loeus
451 2535 599 2600 Imperator
618 2535 725 2585 Italiam
744 2553 832 2588 rursus
851 2535 1000 2601 ingreditur
1017 2538 1108 2604 ibique
1128 2539 1183 2589 fere
1194 2549 1246 2591 1111.

60 2627 114 2678 per
132 2614 237 2676 septem
257 2624 340 2659 annos
359 2613 483 2659 moratur.
593 2638 595 2642 .
637 2609 638 2613 ’

141 2683 188 2733 35.
225 2682 257 2732 A.
276 2683 311 2733 D.
334 2681 411 2730 1091.
468 2681 606 2732 Mathildis
627 2681 660 2731 de
679 2681 869 2747 Longobardia
887 2685 1041 2750 imperatori
1061 2684 1184 2738 rebellat.
1194 2690 1222 2733 A.
1232 2691 1253 2734 S.
1262 2692 1310 2735 Ale.

142 2757 188 2806 90.
225 2757 258 2806 A.
277 2755 312 2805 D.
335 2755 414 2805 1092.
433 2755 591 2806 Pestilentia
611 2770 708 2820 magna
726 2755 861 2807 hominum
881 2762 961 2823 utque
981 2759 1124 2823 pecudum.
1194 2770 1244 2812 Eat.

142 2829 189 2878 37.
226 2829 259 2878 A.
278 2828 313 2878 D.
334 2829 413 2878 1093.
435 2828 574 2879 cunradus
596 2854 627 2864 -
651 2854 683 2864 -
703 2829 854 2880 infamatur.
892 2830 1008 2898 Eelipsis
1028 2832 1092 2883 solis
1112 2832 1185 2882 faeta

59 2909 103 2956 est
130 2903 158 2952 9.
185 2900 246 2952 Kal.
272 2903 332 2954 Oet.
358 2903 424 2953 hora
447 2903 537 2964 tertia,
565 2908 591 2952 et
617 2903 697 2952 draeo
723 2903 795 2954 visus
822 2909 870 2954 est.
908 2904 1058 2957 Mortalitas
1086 2902 1307 2972 magnam-All·

58 2978 210 3029 subsecuta
230 2980 277 3026 eet.
412 2977 414 2981 '
1194 2963 1245 3004 Est·

138 3048 184 3100 38.
221 3050 255 3099 A.
275 3048 310 3098 D.
332 3047 412 3100 1094.
431 3047 594 3098 Pestileneia
611 3048 683 3099 iacta
703 3054 752 3100 est.
1193 3058 1309 3101 Aunes.

138 3123 186 3172 39.
224 3123 256 3174 A.
277 3122 312 3171 D.
334 3122 413 3173 1095.
433 3121 571 3189 Lupoldus
591 3123 710 3173 marchio
731 3128 758 3172 et
776 3122 920 3175 Heinrieus
939 3124 1073 3190 palatinus
1093 3141 1182 3178 eomes
1194 3136 1245 3177 aas.

60 3198 198 3249 obierunt.

139 3267 185 3319 40.
222 3269 255 3319 A.
275 3269 311 3320 D.
333 3267 411 3318 1096.
451 3267 563 3333 Signum
580 3270 609 3318 in
628 3267 685 3320 sole
705 3269 730 3319 b.
749 3269 819 3319 Non.
838 3269 926 3332 Mart,
947 3269 1052 3322 diversa
1077 3287 1182 3337 quoque

60 3343 190 3410 prodigia
208 3341 322 3392 mundus
341 3342 485 3408 parturisse
505 3341 604 3407 ubique
622 3341 797 3392 referebatur.
830 3341 978 3408 Expedioio
992 3345 1077 3410 prima
1090 3345 1182 3396 lhero-

61 3417 219 3468 solimitana
238 3415 287 3466 sub
307 3415 386 3465 Petro
405 3415 535 3466 monacho
555 3420 582 3466 et
601 3415 748 3467 Godeirido
768 3416 836 3467 duee
854 3415 1027 3482 Lotharingie
1048 3433 1080 3467 ex
1098 3419 1182 3468 omni-

402 3559 568 3614 decentio
586 3562 681 3614 codd.
700 3562 727 3614 B
741 3563 765 3613 1.
787 3559 845 3613 02.

137 3654 172 3704 A.
192 3653 229 3702 D.
252 3653 331 3702 1096.
368 3654 516 3720 Expedieio
542 3655 628 3720 prima
654 3681 686 3690 -
715 3681 748 3690 -
774 3655 909 3721 Europae.
947 3651 1073 3720 Sequitur
1090 3653 1182 3720 fusior
1192 3671 1244 3712 aaa.
1256 3682 1279 3722 p.
1291 3672 1344 3713 214.

62 3725 178 3779 historia
197 3724 380 3792 expeditionis,
400 3744 479 3792 quam
498 3726 554 3779 elio
572 3727 687 3779 recensio
705 3726 780 3792 infra
801 3727 917 3779 exbibet:
936 3729 1062 3780 Preterea
1078 3730 1181 3794 signum

60 3803 151 3853 visum
173 3805 214 3851 est
232 3801 260 3849 in
283 3799 348 3863 eole,
373 3800 518 3867 multaque,
538 3817 589 3867 que
611 3806 666 3851 tam
689 3803 717 3851 in
743 3814 804 3852 aere
831 3817 910 3867 quam
937 3829 970 3839 -
998 3830 1031 3839 -
1059 3803 1182 3855 Octobris

61 3875 190 3925 vidimus.
225 3873 335 3924 Stellam
356 3875 435 3925 etiam
456 3901 489 3910 -
509 3903 546 3911 -
564 3876 694 3925 victorem
714 3876 836 3945 existere.
875 3874 989 3938 Quidam
1010 3877 1089 3927 etiem
1109 3892 1182 3943 pres·

62 3949 145 4014 byter
160 3948 227 3998 horu
245 3973 282 3984 -
295 3974 328 3984 -
349 3949 509 4015 prescriptos
523 3948 677 3999 eredebant.
715 3949 785 4010 Quid
807 3948 920 4000 referam
939 3976 975 3985 -
996 3975 1026 3987 -
1049 3949 1182 4015 capitibus

63 4026 172 4072 exortos
196 4020 287 4070 luisse.
332 4021 494 4083 Qualiter
519 4027 631 4072 autem
657 4028 752 4073 terra
778 4039 795 4073 a
813 4021 1010 4087 gentilibus
1036 4023 1183 4074 subacta

62 4097 123 4158 sit,
142 4095 302 4146 breviter
321 4095 570 4146 intimabimus.

65 4292 86 4345 a)
103 4295 159 4334 deest
175 4294 220 4334 02.
295 4292 318 4344 b)
335 4293 413 4344 ibique
429 4295 472 4334 02.
549 4293 570 4346 e)
587 4296 704 4337 obsessam
719 4298 806 4337 invasit
822 4300 844 4337 at
860 4296 904 4336 02.
986 4293 1010 4346 d)
1026 4295 1123 4335 moritur·
1138 4294 1182 4335 02.

65 4354 93 4442 e)-
104 4355 211 4456 artacem}
224 4352 270 4393 02.
313 4352 331 4404 1)
352 4355 403 4393 tuso
418 4355 447 4393 ad
463 4365 483 4394 a.
502 4354 566 4396 1091.
582 4356 643 4395 tutet
659 4355 701 4403 0⁶2,
717 4356 756 4395 toa
770 4367 830 4397 uano
845 4367 895 4396 vero
911 4353 956 4408 (uti
972 4356 999 4395 90
1010 4352 1094 4406 erorr.)
1110 4355 1181 4394 Math.
