2934 4998
278 381 331 433 296
374 379 562 432 CHRONIOA
573 378 686 431 suala
700 377 951 430 COLONIENSIS.
973 376 1362 431 consummassem.
1457 443 1459 460 ,

203 576 267 615 ress.
279 548 431 636 Apuliam
459 546 624 634 processit.
710 545 789 610 Post
818 545 910 609 cuius
937 567 1099 609 recessum
1121 543 1293 627 Henricus,
1317 543 1403 610 filius

281 656 356 698 suus
377 631 544 712 naturalis,
570 652 629 694 rex
652 629 809 710 Sardinie,
838 632 871 693 in
895 630 1122 714 congressione
1150 628 1262 694 habita
1289 638 1403 694 contro

280 716 511 782 Bolonienses¹
533 723 605 801 post
633 713 763 798 longam
793 713 1053 795 decertationem,
1083 735 1181 799 quam
1211 723 1342 778 strenue
1372 722 1403 778 et

279 800 412 867 viriliter
434 807 631 882 exercuerat,
652 798 805 862 tandeml‘
827 796 929 862 lassus
951 799 1078 884 capitur
1099 807 1131 862 et
1145 798 1291 862 custodie
1314 819 1403 862 man-

281 888 308 950 ci
334 896 435 951 aaut

310 909 332 972 p
364 969 490 1034 Eodem
505 989 588 1031 anno
604 967 717 1052 hyems
732 965 766 1029 in
781 965 927 1051 partibus
941 965 1058 1029 nostris
1074 975 1141 1032 tcta
1155 976 1224 1031 erat
1238 973 1402 1052 corrupta,

280 1052 431 1203 pluvialis
454 1063 486 1116 et
508 1053 637 1115 omnino
659 1051 803 1132 remissa,
831 1051 877 1114 ita
906 1050 1014 1176 qu0d⁰
1035 1071 1093 1134 per
1122 1061 1223 1115 totam
1251 1049 1401 1135 hyemem

303 1135 407 1201 uobus
429 1136 552 1217 diebus,
575 1144 606 1199 et
627 1135 688 1198 hoc
710 1132 909 1219 interpolatis
933 1133 1085 1215 ,modica
1105 1133 1226 1219 glacies
1250 1145 1301 1198 est
1321 1134 1402 1198 visa.

280 1221 377 1286 Unde
398 1221 432 1284 in
455 1220 661 1306 subsequenti
683 1227 783 1284 estete
804 1217 923 1302 fruges,
955 1216 1030 1283 licet
1055 1218 1256 1283 abundanter
1285 1239 1400 1302 prove-

279 1306 411 1386 nissent,
447 1304 589 1368 fructum
618 1313 780 1388 speratum
806 1323 872 1365 non
899 1300 1085 1385 reddebant,
1123 1299 1199 1366 sed⁰
1227 1312 1261 1366 et
1279 1303 1402 1383 vinum,

279 1387 354 1454 licet
375 1387 519 1471 multum,
541 1409 606 1451 non
626 1387 709 1452 bene
730 1387 837 1472 potuit
857 1387 1020 1450 maturari.

654 1488 749 1553 Anno
771 1489 905 1553 Domini
931 1489 1020 1569 1249,

178 1615 241 1656 rar.
251 1619 271 1659 a.
281 1601 354 1679 post
374 1592 489 1656 festum
504 1591 736 1677 purificationis
751 1591 845 1656 beate
856 1591 976 1655 Marier
988 1590 1121 1674 virginis
1136 1612 1195 1654 rex
1206 1587 1401 1654 Wilhelmus

282 1676 409 1741 obsedit
423 1675 649 1742 Bobardiamss.
678 1676 822 1740 Induciis
844 1687 951 1740 autem
973 1673 1014 1738 ab
1031 1673 1200 1760 oppidanis
1216 1674 1402 1739 Bobardies

280 1762 388 1846 petitis
416 1769 447 1824 et
479 1759 734 1826 conditionaliter
763 1781 783 1822 a
808 1783 885 1844 rege
908 1760 1054 1839 obtentis,
1087 1780 1147 1822 rex
1178 1759 1401 1845 progrediens,

281 1844 406 1909 obsedit
428 1854 567 1908 castrum
589 1845 712 1928 regium
734 1843 943 1929 Ingilbeiml3
1004 1841 1067 1906 uod
1114 1852 1163 1906 ost
1184 1842 1310 1929 aliquot
1333 1843 1401 1908 dies

281 1928 419 1994 obtinuit
439 1930 646 2013 resignatum.
731 1928 878 1992 interimi
901 1926 980 1993 obiit
1020 1865 1166 2012 yfripusk
1188 1927 1242 1990 Mo
1269 1928 1401 1992 untinus

280 2012 567 2098 archiepiscopusl,
596 2013 647 2075 vir
677 2013 901 2096 magnanimus
930 2021 962 2077 et
990 2013 1031 2075 in·
1050 2010 1184 2096 agendis
1211 1950 1398 2076 industrius.

279 2095 392 2161 Olenus
427 2107 533 2161 autem
570 2106 602 2160 et
637 2096 775 2182 populus
804 2096 1097 2180 Moguntineusesm
1133 2105 1261 2181 pastore
1300 2095 1399 2182 [suci]

280 2181 432 2261 destituti,
454 2181 487 2243 in
509 2189 595 2244 tante
617 2181 816 2265 tempestatis
838 2180 966 2245 turbine
989 2177 1083 2244 celeri
1104 2190 1136 2243 et
1150 2200 1227 2243 sano
1251 2181 1302 2243 usi
1326 2202 1399 2244 eon-

280 2265 361 2345 silio,
385 2263 494 2328 oculos
517 2285 593 2328 suos
615 2264 788 2348 dirigentes
811 2265 845 2326 in
866 2265 1145 2349 archiepiscopum
1162 2261 1397 2346 Coloniensem

279 2349 386 2435 ipsum
413 2351 607 2412 unanimiter
639 2357 671 2412 et
703 2348 904 2413 concorditer
935 2349 968 2410 in
996 2370 1090 2412 suum
1119 2347 1398 2434 archiepiscopum

279 2433 489 2519 postularunt.
534 2432 599 2512 Qui
628 2431 829 2497 Coloniensis
859 2431 1143 2518 archiepiscopusn
1173 2454 1270 2516 super
1296 2443 1397 2500 morte

279 2516 532 2602 arehiepiscopi⁰
554 2517 683 2580 animon
706 2516 826 2597 dolens,
849 2516 891 2579 ad
912 2538 1022 2601 regem
1045 2527 1206 2602 properat,
1229 2528 1397 2604 exceptus·

280 2622 341 2686 que
364 2598 482 2665 aclero
498 2609 529 2664 et
543 2600 662 2686 populo
678 2601 732 2664 Mc
758 2602 898 2665 untinist‘
915 2622 988 2665 cum
998 2613 1013 2642 ¹¹
1034 2598 1213 2664 incredibili
1229 2601 1398 2666 affectione

280 2693 311 2749 et
336 2687 523 2766 reverentia,
551 2693 605 2748 tan
630 2707 705 2749 uam
734 2624 883 2749 defensor
911 2686 1014 2770 patrie
1044 2684 1250 2767 desideratus,
1278 2688 1398 2770 gratias

280 2769 346 2867 egit
366 2767 494 2852 lepidet
517 2706 650 2852 singulis
674 2779 706 2832 et
726 2770 900 2851 universis,
922 2770 954 2831 in
976 2779 1122 2832 neutram
1145 2778 1252 2832 tamen
1275 2779 1397 2855 partem
1458 2799 1459 2804 ¹

279 2874 330 2914 v1r
351 2863 502 2917 constans
525 2862 557 2918 et
578 2854 715 2917 circums
741 2863 830 2918 ectus
852 2853 1034 2936 declinavit,
1056 2874 1116 2916 noc
1139 2851 1280 2917 oblatum
1303 2854 1397 2919 hono-

279 2959 346 3000 rem
369 2935 567 3001 admittendo
584 2957 650 3001 'nec
671 2961 705 3002 re
720 2938 850 3018 utando,
873 2947 1012 3001 mentem
1035 2937 1178 3001 domiuin
1193 2959 1280 3084 pape
1303 2961 1400 3026 super

278 3020 340 3084 hoc
362 3021 485 3085 censuit
505 3021 740 3106 requirendam.
773 3022 935 3086 Dominus
958 3031 1064 3084 autem
1104 3043 1174 3106 apa,
1207 3023 1396 3088 icetanun·
1457 3091 1459 3098 ,

280 3105 337 3168 ciis
360 3105 489 3170 viduate
512 3103 645 3171 ecclesie
668 3104 811 3171 sollerter
832 3114 864 3168 et
886 3104 1018 3170 sollicite
1040 3043 1233 3190 pulsaretur,
1256 3106 1399 3172 decrevit

198 3271 202 3274 -
278 3189 313 3251 in
334 3188 391 3252 tali
420 3190 618 3253 necessitatis
648 3190 779 3254 articulo
810 3191 890 3254 duas
918 3211 1071 3274 personas
1103 3191 1136 3252 in
1169 3201 1233 3255 tam
1266 3190 1393 3255 famosis

279 3271 409 3337 sedibus
430 3272 765 3358 archiepiscopatuum
788 3284 898 3338 sancte
920 3273 1054 3338 ecclesie
1076 3273 1149 3358 plus
1171 3272 1278 3338 valere
1302 3297 1394 3361 quam

279 3379 392 3436 unam,
429 3358 651 3443 persuasitque
684 3357 887 3422 Coloniensir
923 3380 980 3422 suo
1019 3357 1151 3421 consilio
1184 3360 1396 3444 acquiescere.

279 3439 322 3504 Et
343 3441 389 3504 sic
412 3441 451 3504 de
473 3440 574 3525 ipsius
595 3441 827 3528 archiepiscopi
849 3443 1031 3506 coniventia
1044 3443 1248 3527 prepositus²
1265 3443 1395 3530 Mogun-

280 3525 387 3588 tinus⁵
424 3533 573 3608 provecte
607 3527 710 3606 etatis,
746 3525 889 3590 moribus
923 3536 955 3590 et
987 3527 1157 3590 sobrietate
1194 3529 1395 3612 conspicuus,

281 3607 447 3692 Moguntie
476 3608 510 3671 in
535 3608 733 3694 archiepisco
758 3632 813 3673 um
840 3619 888 3674 est
914 3619 1090 3695 promotus.
1176 3611 1254 3674 Post
1276 3609 1394 3676 obitum

281 3691 461 3776 Moguntini
489 3692 523 3755 in
544 3694 693 3777 proximo
717 3633 797 3758 obiit
818 3694 1032 3759 Traiectensis
1063 3695 1269 3780 episcopus³;
1303 3717 1396 3780 quem

282 3895 640 3952 a)s010n1en.n1;solomefi.
657 3897 705 3938 Dr.
756 3896 780 3950 b)
797 3899 812 3938 1,
829 3901 844 3937 t
860 3899 907 3939 ΒΞ.
963 3897 984 3950 c)
1001 3902 1026 3940 ut
1041 3899 1089 3940 Da.
1137 3897 1161 3949 d)
1177 3899 1238 3939 inter
1252 3899 1331 3949 pelato
1346 3900 1392 3940 Μ.

282 3955 304 4010 e)
319 3968 372 3997 nam
387 3958 467 3996 vinum
483 3957 531 3998 Μ.
613 3954 631 4006 l)
647 3956 702 3994 deest
719 3956 768 3996 Dl.
850 3957 873 4007 g)
891 3956 987 3997 Sobard.
1003 3958 1050 3999 ΠΙ,
1061 3959 1081 3998 2.
1161 3957 1185 4010 h)
1201 3958 1331 4007 Ingelhelm
1346 3959 1393 4000 Da

281 4015 299 4067 i)
316 4017 409 4057 Interea
424 4017 474 4056 Da.
554 4012 580 4066 k)
596 4013 696 4054 sifridus
712 4015 762 4056 Da.
848 4013 865 4067 l)
883 4016 945 4060 arch.
961 4018 1023 4065 Meg.
1040 4018 1089 4056 Μ.
1172 4015 1204 4068 m)
1221 4018 1323 4064 Moruni.
1340 4019 1394 4068 913

281 4076 440 4125 Moguntinen.
461 4074 509 4112 Da.
586 4073 610 4124 n)
627 4075 683 4112 deest
698 4074 747 4116 Μ.
831 4074 854 4127 ο)
871 4076 973 4126 episcopi
988 4077 1037 4116 Da.
1118 4073 1142 4127 p)
1159 4076 1332 4123 Moguntinensi
1347 4078 1392 4120 Di.

282 4132 305 4185 q)
323 4137 399 4175 etun.
416 4133 493 4182 lepide
509 4133 559 4175 Da.
619 4130 639 4183 r)
656 4132 730 4173 Oolofi
746 4134 801 4183 1³13
818 4132 942 4176 colonien.
964 4135 1014 4174 Da.
1075 4133 1096 4187 s)
1112 4135 1214 4185 lingunt.
1232 4136 1280 4173 Dl.

283 4299 310 4360 1)
331 4298 392 4349 Non
412 4317 481 4350 anno
502 4300 582 4363 1248,
602 4300 649 4352 ced
668 4318 738 4352 anno
765 4302 883 4368 sequenti
908 4303 1052 4368 imperator
1077 4301 1106 4354 ia
1125 4301 1253 4368 Apuliam
1267 4302 1393 4370 processit

281 4373 837 4437 ctecptuscstHentiascBonontensibus.
854 4374 881 4427 Ο.
921 4375 1137 4440 2JOhristianuc.
1177 4374 1207 4442 3)
1221 4375 1279 4427 Otto
1290 4377 1343 4428 III.
1358 4377 1391 4428 A.
