2924 5006
272 356 324 406 rso
380 353 568 407 cnaorucs
583 351 696 405 anais
716 351 968 405 cottonianam.
990 350 1092 402 conr.
1106 353 1145 402 11.
1164 353 1197 405 s.
1212 332 1291 405 noa.

270 529 405 586 venture
428 519 492 584 diei
508 521 611 584 securi
627 518 901 605 prestolarentur:
916 541 992 584 ecce
1008 541 1116 582 comes
1132 519 1173 584 de
1187 519 1404 600 Hoinstadin,

270 605 443 670 Heinricus
466 603 659 686 deKalatin,
681 604 804 669 irritato
819 613 925 690 pacto,
948 602 1126 669 disturbato
1149 603 1296 681 consilio,
1323 625 1402 667 cum

271 690 417 755 exercitu
438 710 557 774 magno
583 711 626 754 ex
651 690 816 774 inproviso
844 689 1116 774 supervenientes,
1147 688 1181 752 in
1210 687 1401 774 predictum

270 795 380 859 regem
394 774 561 858 repentino
575 773 700 858 impetu
721 772 890 854 irruerunt,
914 781 1019 836 castra
1039 771 1259 854 turbaverunt,
1282 773 1401 858 sicque

272 879 382 922 omnes
404 869 570 944 tamquam
592 878 669 921 oves
691 855 775 942 lupis
797 857 1048 942 irrumpentibus
1070 857 1216 943 dispersi,
1237 855 1295 921 alii
1322 858 1401 938 cesi,

271 941 327 1007 alii
349 941 445 1026 capti,
476 963 586 1006 omnes
607 962 684 1006 vero
706 941 741 1004 iu
767 941 880 1026 fugam
900 941 986 1006 versi
1009 952 1092 1006 sunt.
1138 941 1215 1007 Otto
1235 962 1317 1007 vero
1341 963 1400 1006 rex

271 1027 393 1092 ducatu
418 1024 574 1089 Walravii
601 1046 660 1110 per
685 1024 759 1089 loca
785 1025 896 1110 ignota
923 1038 955 1090 et
981 1026 1071 1089 invia
1098 1024 1299 1090 errabundus
1328 1047 1400 1110 per-

272 1111 440 1190 transiens,
463 1131 536 1174 cum
552 1109 663 1195 paucis
679 1108 848 1176 Coloniam
862 1111 961 1191 venit,
983 1107 1040 1173 ubi
1058 1131 1117 1208 pro
1133 1131 1283 1174 carorum
1298 1109 1399 1174 amis-

273 1194 363 1259 sione
385 1214 459 1256 oum
481 1192 614 1280 planetu
635 1202 668 1258 et
688 1216 813 1258 merore
827 1191 1010 1276 multorum,
1032 1193 1173 1280 trrpudio
1190 1192 1397 1275 lacrimabili,

272 1278 369 1342 nimis
391 1275 535 1342 luctuose
558 1287 726 1364 susceptus
749 1287 806 1342 est.
849 1278 960 1341 Bruno
984 1299 1111 1426 qpoque
1131 1278 1399 1426 arehiepiseqpus

272 1363 307 1425 in
337 1374 478 1426 castrum
509 1363 652 1427 vicinum
679 1361 894 1447 Wassinburg
926 1384 988 1426 con
1023 1363 1129 1446 giens,
1166 1362 1243 1426 dum
1271 1362 1320 1428 ibi
1345 1385 1398 1426 em

273 1442 436 1510 occultare
458 1468 492 1510 se
526 1446 647 1528 nititur,
685 1467 705 1509 a
738 1446 1041 1533 supervenientibus
1074 1446 1220 1512 hostibus
1255 1447 1396 1532 capitur.

274 1529 329 1596 Sic
344 1528 495 1616 Phihppo
510 1530 579 1616 regi
594 1540 807 1614 presentatus,
830 1540 897 1595 tam
911 1529 987 1594 ferri
1010 1553 1108 1616 quarn
1130 1529 1267 1595 militum
1289 1540 1398 1596 custo-

273 1613 326 1679 die
349 1613 531 1698 deputatur.
576 1614 743 1700 Oppidum
772 1636 899 1701 quoquc
921 1613 1119 1680 Hilkcrodc¹
1145 1615 1221 1679 dum
1251 1627 1400 1680 evertere

274 1706 419 1780 conatur,
447 1699 629 1764 interventu
658 1701 836 1764 amicorum
858 1699 982 1763 comitis
1012 1699 1052 1763 de
1075 1699 1181 1782 Scine,
1212 1701 1304 1764 ouius
1329 1709 1401 1764 erat

272 1784 450 1868 proprium,
480 1804 546 1847 non
576 1782 678 1847 solum
708 1783 834 1850 illesum
861 1781 998 1869 reliquit,
1027 1806 1140 1848 verum
1167 1785 1264 1850 etiam
1286 1785 1401 1869 ipsum

274 1867 424 1930 comitem
446 1867 480 1930 in
501 1868 639 1952 gratiam
663 1869 811 1953 suscepit.
856 1866 974 1953 Sisque
1003 1890 1150 1933 reversus
1172 1869 1227 1931 via
1256 1891 1322 1954 qua
1344 1891 1399 1932 ve-

272 1960 373 2034 nerat,
406 1953 489 2016 inter
514 1952 672 2016 Veronam
705 1962 737 2018 et
766 1949 935 2017 Coloniam
962 1955 997 2017 in
1024 1974 1062 2017 eo
1092 1974 1155 2038 quo
1183 1962 1214 2017 et
1242 1955 1400 2038 preterito

273 2055 358 2098 anno
388 2033 561 2121 aliquantis
594 2034 708 2101 diebus
740 2036 811 2101 loco
845 2037 1010 2114 consedit3
1041 2035 1097 2100 ubi
1118 2037 1201 2100 inter
1226 2035 1337 2122 ipsum
1365 2046 1400 2101 et

275 2118 428 2184 Ottonem
450 2142 560 2204 regem
581 2141 708 2185 necnon
729 2129 761 2186 et
775 2119 983 2186 Colonienses
1006 2121 1045 2185 de
1091 2142 1146 2186 aee
1169 2131 1201 2186 et
1223 2120 1399 2186 concordia

275 2201 375 2266 multa
396 2212 533 2269 tractata
553 2226 613 2269 nec
635 2206 805 2270 terminata
826 2216 909 2270 sunt.
953 2203 1034 2270 lude
1054 2143 1137 2269 ultra
1150 2205 1339 2291 procedens,
1362 2205 1399 2268 in

276 2286 415 2351 confinio
437 2288 650 2374 Regiomagi²
674 2299 705 2354 et
728 2289 883 2356 Sinzeche
911 2313 945 2354 se
969 2311 1041 2353 cum
1064 2291 1210 2355 exercitu
1233 2290 1398 2376 exposuit,

274 2380 417 2435 montem
439 2371 600 2458 quendam
622 2373 743 2438 dictum
766 2373 929 2438 Gimmich
955 2396 1054 2460 supra
1080 2373 1214 2438 fluvium
1236 2376 1303 2438 Are
1324 2397 1397 2460 pre-

276 2477 448 2541 occupans,
477 2465 618 2522 castrum
640 2459 719 2524 satis
742 2457 960 2522 firmissimum
981 2461 1015 2523 in
1037 2460 1108 2544 ipso
1138 2459 1317 2524 construxit
1339 2480 1395 2522 no-

275 2553 412 2624 menque
426 2539 748 2607 urbisLandiscrone
766 2543 975 2627 nuncupavit.
1020 2543 1083 2607 Per
1103 2543 1187 2608 hanc
1208 2543 1396 2608 continuam

276 2632 410 2688 estatem
431 2625 513 2690 inter
535 2627 685 2690 comitem
700 2625 854 2691 Adolfum
876 2637 908 2692 et
930 2625 1136 2692 Colonienses
1159 2627 1295 2692 diversis
1315 2636 1396 2691 tcm-

301 2707 409 2771 oribus
437 2710 472 2772 in
502 2709 647 2776 orientali
674 2713 746 2797 ripa
771 2711 876 2776 Rheni
907 2711 997 2776 vario
1030 2711 1147 2777 eventu
1174 2713 1250 2776 satis
1279 2713 1397 2777 acriter

163 2809 219 2850 Nov.
231 2809 265 2850 11.
275 2729 464 2856 dimicatum
493 2803 550 2859 est.
595 2794 690 2860 Circa
716 2795 833 2861 festum
862 2798 965 2861 sancti
987 2796 1117 2861 Martini
1139 2794 1308 2896 Philippus
1335 2819 1397 2861 rex

278 2873 514 2942 Confluentiam
538 2879 636 2962 venit,
666 2879 753 2962 ubi³,
781 2880 935 2944 Heinrico
963 2879 1044 2945 duee
1065 2879 1273 2965 Lotharingre
1300 2881 1396 2945 inter-

277 2959 447 3044 mediante,
471 2960 679 3028 Colonieuses
701 2964 734 3026 in
756 2965 894 3062 gratiam
922 2967 1073 3050 suscepit,
1103 2965 1164 3028 hae
1191 2975 1300 3030 tamen
1321 2986 1394 3030 eon-

278 3043 411 3142 ditione,
441 3045 528 3134 quod
548 3056 615 3146 tarn
635 3049 699 3147 ipsi
722 3070 777 3134 qur
804 3057 970 3134 presentes
994 3059 1085 3113 erant
1106 3048 1205 3198 legati
1227 3047 1395 3115 Colonien-

278 3150 361 3192 srum
398 3152 494 3216 quam
531 3154 634 3197 omms
669 3133 782 3196 ervitas
817 3135 887 3218 regi
923 3131 1071 3218 Philippo
1113 3133 1212 3198 fiern
1254 3134 1396 3198 facerent

276 3210 477 3302 fideliterque
498 3216 533 3279 in
555 3215 704 3280 omnibus
727 3225 758 3281 et
778 3227 889 3281 contra
911 3239 1021 3280 omnes
1037 3218 1171 3302 prestito
1195 3227 1393 3283 sacramento

277 3295 375 3362 fidem
408 3311 581 3366 servarent.
624 3302 729 3386 Igitur
760 3321 780 3364 a
812 3323 888 3385 rege
921 3301 1098 3388 ceterisque
1130 3301 1330 3388 principibus
1362 3312 1394 3368 et

279 3379 526 3448 Coloniensibus
554 3383 610 3449 tali
636 3387 783 3470 pactione
812 3407 894 3470 pace
923 3385 1120 3467 confirmata,
1148 3387 1278 3452 Rhenus
1307 3386 1392 3452 navi·

277 3465 428 3613 {antibus
450 3469 601 3553 aperitur,
624 3478 721 3534 strate
743 3470 839 3533 etiam
862 3469 903 3533 ad
926 3470 1196 3536 transducendum
1217 3480 1391 3535 mercatum

309 3547 524 3617 oloniensibus
561 3553 755 3639 ubicumque
794 3552 854 3617 sub
911 3556 978 3618 acis
1017 3555 1216 3620 firmamento
1251 3554 1392 3641 patefieri

277 3629 440 3732 iubentur,
480 3635 549 3734 Illic
571 3638 668 3701 etiam
680 3635 815 3702 Adolfus
837 3576 1096 3724 archiepiscopus
1118 3661 1177 3726 pro
1199 3639 1390 3704 restituendo

278 3739 313 3782 se
334 3740 368 3780 1n
389 3740 590 3805 episcopmm
612 3733 678 3786 tarn
699 3743 808 3806 regem
837 3743 934 3809 quarn
957 3744 1067 3788 omnes
1089 3723 1252 3810 principes
1274 3724 1389 3786 instan-

277 3801 399 3866 tissime
431 3802 621 3888 interpellat,
659 3804 716 3870 sed
744 3805 836 3954 {adl}
872 3817 998 3892 tempus
1029 3829 1206 3892 congruum
1239 3809 1390 3872 sententia

278 3885 461 3951 rationabili
483 3887 694 3954 differendum
724 3913 743 3954 a
796 3889 943 3955 omnibus
972 3901 1128 3956 censetur.
1171 3890 1297 3957 Eodem
1317 3901 1390 3956 tem-

278 4081 301 4133 a)
317 4084 372 4123 deest
388 4085 436 4126 Aa

282 4249 309 4312 ll
344 4250 483 4319 ffilqcrod.
588 4257 617 4326 2)
645 4257 785 4328 Remapen.
889 4263 917 4325 3)
945 4258 1049 4313 Contio.
1079 4260 1138 4314 ΙΙΙ.
1167 4262 1216 4314 boc
1239 4262 1388 4327 Ropordios

273 4322 381 4386 factam
402 4323 475 4378 dicit.
