2942 4998
204 415 393 467 eunomus
413 415 528 467 unum
549 416 792 470 COLONIENSIS
812 418 843 470 A.
866 417 946 470 1113.
967 419 1045 470 1114.
1158 419 1193 469 63

371 577 372 580 “
444 589 612 643 Becaosio
632 590 656 642 Ι.
676 593 771 643 codd.
792 591 824 644 A.

60 674 182 739 amicis
204 675 407 761 imperatoris
430 677 564 760 capitur.
640 675 778 742 Sitridus
802 676 961 763 palatinus
984 698 1090 748 comes
1113 679 1194 742 occi-

60 759 162 823 ditur.
231 761 411 845 Imperator
424 760 622 824 Wormatiae
644 759 765 846 pascha
787 759 940 844 celebrat3
966 783 1004 826 eo
1026 761 1196 827 adducitur

60 843 279 927 Moguntinus
307 845 494 930 episcopus3
523 844 689 908 Triveles⁸
717 846 901 930 imperatori
932 844 1054 928 reddit3
1088 846 1194 912 denuo

1 985 2 989 ,
61 927 235 992 custodiae
257 929 469 1014 mancipatur.
559 927 684 993 Widelo
707 931 878 1016 episcopus
900 929 1077 994 Mindensis
1101 932 1193 995 resti-

61 1012 201 1076 tuitur1.

450 1096 546 1160 Anno
567 1096 700 1160 Domini
722 1098 813 1162 1114.

138 1181 324 1264 Imperator
351 1179 490 1244 natalem
512 1179 646 1243 Domini
667 1180 859 1266 Bavenberg
888 1180 1037 1246 celebrat.
1081 1181 1193 1247 Altera

62 1264 116 1328 die
131 1275 209 1349 post
224 1264 441 1350 epiphaniam,
457 1262 597 1328 collectis
613 1266 709 1328 totius
723 1267 815 1351 regni
831 1266 1042 1352 principibus,
1064 1267 1193 1352 nuptias
1203 1285 1253 1331 aa.
1263 1287 1283 1325 r.

63 1347 149 1412 filiae
172 1349 259 1433 regis
274 1347 404 1432 Anglici
420 1349 544 1432 ingenti
560 1370 635 1412 cum
650 1347 753 1433 gloria
768 1359 975 1415 consummat.
1011 1349 1062 1414 Ibi
1076 1350 1193 1418 Lotho·

64 1433 177 1514 wicus,
201 1432 258 1518 qui
281 1453 315 1496 se
336 1431 472 1518 putabat
493 1432 574 1498 bene
596 1433 628 1494 in
651 1436 755 1519 gratia
776 1434 885 1520 regisb
908 1457 987 1516 esse,
1012 1435 1102 1498 iussu
1124 1438 1192 1502 eius

63 1515 340 1601 conprehenditur
372 1526 404 1580 et
431 1517 595 1580 custodiae
627 1519 839 1603 mancipatur.
896 1517 967 1598 Quo
995 1540 1046 1581 res
1076 1520 1192 1585 multos

63 1601 251 1698 principum
275 1610 385 1698 contra
405 1622 513 1685 regem
537 1602 675 1665 exacuit.

137 1684 310 1748 Drssensro
332 1685 478 1770 episcopi
501 1684 702 1749 Coloniensis
724 1686 881 1750 Friderici
904 1694 935 1750 et
956 1685 1048 1749 ducis
1070 1685 1111 1751 de
1130 1687 1191 1752 Lo-

63 1790 145 1833 vene
170 1767 350 1833 Godefridi‘
367 1778 398 1832 et
427 1769 552 1833 comitis
576 1768 744 1834 Westfalie
765 1769 923 1835 Friderici
950 1769 1119 1856 fratrisque
1141 1773 1190 1837 sui

63 1852 211 1916 Heinrici
238 1862 271 1916 et
297 1851 489 1916 Theoderici
517 1853 556 1917 de
585 1854 649 1918 Are
677 1863 708 1918 et
737 1854 880 1918 Heinrici
909 1855 949 1918 de
980 1853 1130 1919 Sudvene
1160 1867 1192 1921 et

65 1936 214 2000 Heinrici
243 1935 283 2000 de
312 1934 510 2021 Lindburgss.
554 1935 675 2001 Contra
703 1960 785 2024 quos
813 1940 986 2024 imperator
1013 1942 1190 2004 exercitum

405 2082 572 2133 Benenato
591 2082 632 2134 11.
654 2083 746 2135 codd.
764 2084 798 2134 Α.
817 2084 852 2135 B.

64 2168 166 2316 rspsius
181 2168 384 2252 imperatoris
400 2189 419 2230 a
433 2166 655 2232 Fresonibusd
671 2169 892 2252 circumventi,
904 2170 1087 2235 interventu
1098 2170 1189 2235 ducis

89 2272 233 2315 axonum
256 2261 435 2316 evasenmt.

137 2343 202 2394 Otto
222 2341 450 2408 locupletissimus
472 2358 561 2393 comes
582 2343 617 2392 de
637 2342 774 2394 Sutvene⁰
794 2343 869 2394 obiit.

407 2412 436 2475 9.
480 2410 575 2473 Anno
598 2409 731 2473 Domini
755 2411 846 2474 1114.

136 2493 185 2556 Im
211 2502 317 2557 erator
344 2515 467 2557 memor
493 2494 681 2557 iniuriarum
708 2493 1133 2578 suarumin0010nienseS,
1157 2507 1188 2562 et

62 2573 148 2640 illam
196 2577 433 2640 orentissimam
455 2577 558 2641 tocius
575 2576 679 2642 Gallie
694 2587 726 2642 et
741 2577 913 2643 Germanic
928 2579 1099 2662 civitatem,
1121 2591 1187 2646 toto

63 2660 163 2728 etiam
182 2659 254 2725 orbi
276 2660 532 2742 famosissimam,
554 2671 609 2725 aut
638 2672 810 2727 extenuare
838 2671 897 2726 aut
922 2662 1090 2749 obfuscare
1112 2673 1187 2729 toto

62 2752 181 2808 conatu
212 2742 401 2826 deliberans,
435 2745 576 2810 adunato
609 2745 724 2829 grandi
752 2748 895 2810 exercitu
924 2746 1187 2832 Alamannorum,

62 2828 286 2895 Baioariorum
320 2829 368 2893 etf
399 2829 564 2894 Saxonum
599 2852 672 2892 cum
705 2830 786 2894 duce
819 2851 876 2894 suo
901 2829 1063 2912 Lothari0,
1096 2832 1187 2897 Divi-

63 2922 206 2978 tenset⁸²
230 2923 370 2977 castrum
394 2912 541 2978 obsidere
563 2922 595 2976 et
617 2925 759 2979 evertere
781 2917 878 2995 venit,
900 2923 945 2996 ut,
973 2915 1007 2977 in
1035 2913 1089 2980 illo
1116 2939 1188 3003 prc-

2 3067 3 3086 ,
63 2995 143 3061 sidio
172 2997 338 3078 collocato,
362 3010 558 3062 commeatus
580 3000 712 3062 navium
739 3019 760 3060 a
782 2997 1027 3064 Coloniensibus
1053 3011 1186 3066 arceret

63 3080 164 3146 Cuius
192 3082 240 3145 rei
267 3083 414 3145 nuntium
442 3102 516 3145 cum
539 3079 747 3146 Colonienses
774 3083 984 3166 accepissent,
1012 3095 1123 3149 coacto
1152 3087 1187 3148 in

2 3209 3 3238 .
62 3187 161 3231 unum
183 3165 306 3230 delecte
327 3166 501 3230 iuventutis
518 3167 649 3250 copioso
671 3176 839 3252 apparatu,
863 3188 938 3230 cum
959 3165 1066 3230 valida
1087 3190 1186 3233 manu

63 3250 298 3336 sagittariorum
320 3249 444 3314 Renum
467 3258 673 3326 transmeant,
701 3258 733 3314 et
753 3251 884 3315 aciebus
909 3250 1072 3333 ordinatis,
1100 3251 1185 3316 virili

63 3335 302 3422 exspectatione
333 3334 535 3418 imperatoris
567 3336 722 3420 impetum
756 3335 905 3420 excipere
934 3355 1000 3397 non
1028 3333 1183 3400 dubitant.

63 3419 207 3500 Quorum
239 3418 409 3482 audaciam
441 3420 615 3503 imperator
645 3416 860 3500 considerans,
893 3427 1025 3503 accepto
1054 3441 1184 3484 suorum

2 3547 6 3558 ·
63 3502 204 3584 consiliu,
227 3500 347 3566 bellum
368 3502 535 3590 usquead
560 3502 751 3588 vesperuml
779 3502 894 3586 satagit
923 3501 1119 3588 protrahere,
1148 3514 1185 3569 ut

64 3589 153 3674 quasi
174 3587 262 3652 tedio
285 3587 407 3672 affqctis
428 3585 555 3650 illorum
577 3589 663 3650 acies
678 3594 927 3668 attenuarentur,
950 3596 982 3650 et
996 3587 1042 3651 sic
1057 3587 1183 3652 facilius

62 3672 273 3737 vincerentur.
316 3671 449 3734 interim
472 3670 594 3755 equites
617 3671 777 3755 utrimque
799 3673 892 3756 quasi
909 3669 951 3733 ad
966 3671 1183 3818 spectaculum

62 3756 94 3819 in
125 3776 242 3841 campo
273 3765 386 3820 mutuo
416 3755 633 3840 coequitantes
666 3755 910 3836 exercebantur,
943 3777 977 3820 se
1026 3758 1183 3839 grandine

64 3840 265 3924 sagittarumi
289 3838 479 3904 densissimo
506 3847 637 3924 aparte
660 3836 900 3902 Coloniensium
922 3838 1183 3924 supervolitante,

63 3935 115 3988 aut
149 3922 404 3987 vulnerabantur
438 3922 638 3986 adversariil
675 3932 731 3986 aut
766 3920 1048 3987 interficiebantur.
1103 3925 1184 3988 Erat

64 4017 166 4073 autem
188 4008 223 4070 in
245 4008 389 4072 exercitu
410 4007 612 4092 imperatoris
635 4005 774 4092 quedam
796 4005 945 4094 [barbara
953 4008 974 4092 ¹]
1002 4005 1096 4091 legio,
1119 4030 1183 4093 que

64 4172 212 4226 namnetes
221 4173 241 4212 A
252 4174 273 4214 2.
320 4170 344 4221 b)
360 4174 406 4214 Dei
414 4173 467 4221 Am
477 4171 626 4220 imperatoris
634 4169 661 4208 A.
671 4169 729 4211 Helu.
775 4167 798 4221 c)
813 4169 918 4218 Linbrug
926 4170 946 4208 A
954 4171 975 4208 1.
992 4183 1021 4203 =
1037 4167 1060 4220 d)
1069 4169 1128 4209 Fris.
1138 4169 1155 4208 0
1160 4169 1182 4208 2.

64 4233 83 4285 e)
98 4233 216 4274 Sutvenne
233 4233 277 4274 01.
323 4232 342 4283 1)
358 4234 386 4274 Β.
402 4232 519 4273 Saxonum
536 4231 605 4270 etiam
622 4229 665 4269 01.
707 4229 923 4281 mnuutensear.
968 4225 993 4280 h)
1009 4228 1182 4277 vespertinos.

65 4295 79 4346 t)
94 4294 231 4334 densissima
246 4303 294 4342 sag.
312 4293 354 4332 01.
416 4290 441 4343 k)
458 4301 478 4331 a.
496 4290 574 4330 interf.
592 4289 720 4329 adversarii
736 4289 781 4330 02.
840 4285 858 4338 1)
875 4287 930 4326 deest
945 4287 993 4326 Bl.
1011 4286 1028 4326 0
1034 4288 1054 4327 t.

66 4425 147 4495 1)(γ.
167 4441 255 4492 stupro
275 4441 301 4476 a.
323 4427 402 4476 1106.
478 4422 507 4489 2)
528 4422 623 4475 Denta.
