2944 5002
282 377 337 429 360
486 372 639 425 ΜΑΒΤΙΝΙ
659 369 905 422 CONTINUATIO
927 367 1178 422 COLONIENSIS.

285 545 458 623 incursare,
484 562 603 606 uxores
625 548 657 604 et
677 537 759 602 filias
782 540 902 603 civium
923 537 1045 603 violare
1074 547 1106 602 et
1125 535 1227 601 multa
1248 535 1419 601 tirannice

285 631 382 713 agere
419 635 581 710 ceperunt.
629 623 833 724 Quapropter
869 623 1074 708 Brugenscs⁸
1107 622 1243 686 nimium
1281 621 1419 704 irritati,

206 729 274 773 roos.
287 731 397 776 omnes
430 707 582 790 Gallicos,
614 728 729 807 paucis
762 707 982 790 evadentibus,
1017 706 1276 772 interfecerunt1.
1339 705 1419 786 Quo

286 795 405 859 nuncio
427 815 485 858 rex
506 793 643 858 Franare
664 813 741 857 acce
765 801 808 874 to,
838 813 965 856 omnem
991 792 1143 856 virtutem
1169 791 1221 855 sui
1248 790 1352 876 regni
1374 788 1417 854 ad

284 877 487 943 ulciscendas
502 900 577 942 suas
592 877 724 940 iniurias
739 814 925 940 filandriam
943 876 1089 959 remittit5
1112 873 1229 962 quibus
1240 873 1418 959 Flamingi

284 965 318 1027 in
345 962 415 1027 loco
438 961 524 1026 dicto
546 960 739 1026 Karterich²
769 970 983 1043 occurrentes,
1038 958 1087 1023 lus
1114 981 1209 1059 quam
1233 957 1329 1023 milia
1355 980 1416 1023 sex

284 1070 327 1114 ex
347 1047 427 1133 ipsis
451 1044 637 1110 occiderunt
658 1054 690 1109 et
711 1045 865 1131 deinceps
887 1046 998 1130 iugum
1051 1065 1168 1127 rancre,
1193 1044 1296 1110 invito
1322 1064 1416 1128 rege,

284 1152 384 1195 asuo
407 1129 488 1195 collo
510 1139 730 1199 excusserunt.

370 1214 435 1280 Sed
457 1223 627 1300 antequam
655 1215 718 1278 ista
745 1213 936 1294 acciderent,
969 1223 1108 1278 cometes
1136 1210 1235 1277 multo
1257 1223 1414 1298 tempore

284 1299 354 1364 visa
375 1307 452 1368 erat.
497 1298 579 1364 Sunt
601 1309 725 1364 comete
747 1296 835 1362 stelle
858 1298 970 1363 crinita
992 1306 1122 1383 repente
1143 1306 1324 1378 nascentes,
1350 1319 1414 1383 que

285 1383 377 1468 regni
412 1383 625 1447 mutacionem
657 1396 715 1447 aut
746 1380 966 1469 pestilenciam
1002 1392 1059 1447 aut
1093 1381 1177 1447 bella
1208 1380 1260 1446 vel
1292 1390 1413 1446 ventos

285 1477 436 1554 estusque
457 1466 682 1566 portendunti.
726 1466 866 1548 Quidam
889 1468 989 1531 eciam
1011 1468 1165 1532 heremita
1185 1465 1288 1530 laicus
1315 1466 1413 1530 iuxta

285 1549 396 1616 villam
427 1550 546 1617 Lmse³
579 1573 712 1615 manens
747 1560 892 1636 tempore
928 1552 1041 1616 eodem
1074 1550 1116 1615 ad
1150 1548 1323 1615 ecelesiam
1359 1549 1412 1614 die

286 1634 425 1723 quadam
455 1635 618 1700 dominica
640 1637 737 1718 venit,
771 1637 826 1722 qui
852 1634 1010 1701 referebat
1042 1657 1076 1700 se
1108 1635 1208 1701 tercio
1241 1633 1412 1699 audivisse

287 1741 399 1786 vocem
426 1720 472 1784 ita
494 1718 668 1786 dicentem:
712 1721 820 1785 Arcas
838 1720 990 1806 farciant
1019 1729 1195 1807 superatas
1217 1729 1271 1802 est,
1303 1729 1335 1782 et
1358 1721 1410 1785 in·

142 1805 391 1888 rra-aefirmir
413 1807 549 1870 accincti
569 1815 647 1869 eant
666 1805 790 1869 robore.

210 1911 276 1954 raon.
371 1889 434 1953 Per
459 1889 545 1953 idem
572 1898 710 1973 tempus,
741 1910 826 1974 papa
848 1887 969 1952 ordinis
990 1887 1153 1953 Minorum
1182 1887 1349 1970 defuncto,
1379 1894 1410 1952 et
1450 1961 1452 1976 κ

287 1971 363 2038 sede
384 1973 530 2037 Romana
558 1973 622 2036 iam
649 1995 708 2058 per
738 1971 860 2059 aliquot
891 1993 992 2037 annos
1024 1972 1193 2054 vacantel,
1227 1971 1409 2037 cardinales

287 2056 417 2122 tandem
438 2057 678 2139 concordantes,
704 2058 836 2122 Petrum
865 2056 1041 2122 solitarium
1070 2057 1104 2120 in
1126 2057 1238 2122 Sicilia
1266 2077 1410 2120 commo·
1451 2079 1453 2102 ¹

288 2149 421 2224 rantem,
449 2143 504 2228 qui
527 2152 558 2207 et
580 2141 759 2206 Oelcstinus
782 2143 911 2228 quintus
933 2151 983 2206 est
1003 2141 1118 2223 dictus,
1145 2143 1180 2204 in
1200 2163 1321 2228 papam
1346 2139 1409 2206 ele·

211 2233 422 2374 rrsrgerunt3
451 2227 504 2290 cui
533 2237 564 2291 et
585 2226 713 2290 fratrem
736 2226 895 2313 quendam
919 2225 1038 2290 ordinis
1060 2224 1304 2292 Predicatorum
1333 2247 1408 2290 cum

313 2319 421 2375 ecreto
450 2309 618 2375 eleccionis
645 2310 842 2376 direxerunt.
886 2309 958 2392 Quo
986 2311 1223 2376 contradicente
1249 2319 1282 2374 et
1307 2311 1409 2374 omni-

289 2393 385 2459 modo
407 2393 591 2475 reluctante,
614 2394 712 2460 frater
727 2394 892 2481 predictus
913 2394 976 2459 hoc
997 2395 1153 2460 sermonis
1176 2395 1307 2459 inicium
1329 2395 1409 2459 ani·

152 2487 200 2532 Aa·
212 2489 247 2542 1²,
257 2488 279 2531 ⁶·
288 2480 361 2565 puit
392 2477 517 2544 dicens:
551 2479 668 2543 Petras
697 2481 890 2544 servabatar
919 2482 957 2544 in
984 2503 1123 2562 carcere,
1157 2483 1268 2546 oracio
1297 2489 1406 2544 antem

282 2563 385 2646 fiebat
421 2565 492 2627 sine
525 2565 765 2628 intermissione
806 2565 845 2628 ab
879 2564 1012 2628 ecclesia
1049 2565 1094 2628 ad
1125 2565 1232 2628 Deam
1259 2586 1325 2648 pro
1359 2586 1407 2628 co.

290 2646 380 2727 Quid
401 2645 509 2711 multis
530 2647 660 2712 moror?
692 2647 837 2712 Tandem
858 2649 969 2734 gracia
987 2647 1052 2713 Dei
1074 2659 1277 2734 cooperante,
1298 2649 1407 2712 swasi·

287 2729 407 2796 bilibus
429 2731 629 2797 sermonibus
651 2731 756 2797 fratris
783 2730 867 2797 illius
889 2731 931 2796 ad
951 2730 1011 2796 hoo
1030 2733 1146 2797 Petrus
1168 2732 1323 2798 adductus
1346 2742 1408 2814 est,

287 2824 325 2880 ut
345 2813 501 2881 voluntati
523 2816 590 2880 eius
616 2817 842 2902 acquiesceret,
875 2825 908 2880 et
935 2817 978 2881 ad
1004 2816 1192 2899 cardinales,
1225 2817 1312 2881 asino
1339 2838 1405 2880 non

288 2920 371 2986 equo
394 2899 519 2983 sedens,
546 2899 723 2966 adductum
746 2911 803 2966 est.
849 2900 922 2983 Quo
944 2902 978 2965 in
999 2901 1074 2965 sede
1096 2902 1184 2967 beati
1203 2902 1291 2966 Petri
1312 2899 1405 2965 collo-

291 2994 374 3066 cato,
397 2984 636 3070 religionisime
658 2993 690 3050 et
712 2987 986 3050 continentissime
1014 2987 1108 3068 vixit,
1137 2987 1182 3049 ita
1209 2984 1295 3072 quod
1318 2986 1403 3049 omni

288 3088 372 3132 anno
401 3077 465 3134 tres
496 3068 769 3156 quadragesimas,
805 3071 889 3135 sicut
921 3079 953 3134 et
984 3078 1058 3134 ante
1089 3080 1245 3157 papatum
1277 3069 1401 3149 fecerat,

288 3153 461 3235 ieiunaret,
497 3154 635 3252 primam
667 3152 818 3219 videlicet
853 3164 926 3219 ante
958 3154 1089 3240 pascha,
1126 3153 1300 3220 secundam
1330 3163 1401 3220 ante

289 3239 524 3322 assumpcioms
559 3239 675 3303 festum
712 3239 805 3304 beate
840 3239 974 3325 virginis
1007 3239 1127 3322 Marie,
1162 3239 1294 3303 terciam
1330 3259 1403 3304 vero

289 3329 364 3386 ante
385 3322 584 3387 nativitatem
606 3321 727 3386 domini
755 3323 857 3388 nostri
877 3324 952 3388 Iesu
976 3321 1104 3393 Christi,
1148 3323 1212 3387 Hic
1233 3332 1307 3408 post
1327 3345 1403 3410 pau·

291 3426 346 3469 cos
368 3415 491 3470 annos4
535 3406 714 3492 erpendens
737 3429 771 3471 se
792 3407 826 3470 in
841 3408 903 3472 isto
920 3408 1025 3472 officio
1039 3429 1097 3494 pre
1113 3408 1198 3472 curis
1220 3409 1403 3490 innumeris,

292 3489 408 3576 quibus
430 3429 613 3575 urgehatur,
635 3491 700 3555 vite
716 3490 973 3577 contemplative,
995 3491 1402 3578 mandamentum

290 3594 386 3660 posse
413 3572 574 3657 inherere,
605 3575 714 3640 invitis
744 3575 893 3640 omnibus
920 3586 1075 3662 papatum
1103 3577 1279 3663 resignavit
1305 3585 1336 3641 et
1362 3575 1403 3641 ad

292 3679 386 3723 suum
406 3657 646 3724 heremitorium
669 3661 833 3742 remeavit,
862 3669 894 3726 et
922 3663 1068 3746 quamvis
1097 3661 1128 3726 ei
1155 3659 1300 3726 redditus
1321 3660 1403 3726 suffi-

291 3745 410 3808 cientes
432 3765 474 3807 ex
495 3745 688 3829 patrimonio
703 3744 789 3809 beati
803 3745 892 3810 Petri
911 3767 931 3809 a
947 3745 1163 3813 cardinalibus
1186 3745 1371 3811 offerrentur
1379 3758 1404 3830 ὅ,

290 3825 389 3892 nichil
409 3835 517 3892 tamen
530 3828 658 3915 penitus
672 3830 816 3916 recipere
831 3830 1001 3917 acquievit.
1038 3829 1101 3896 Oui
1114 3830 1299 3896 Bonifacius
1313 3831 1403 3896 Vffl.

290 3914 456 3978 successit.

292 4090 315 4146 a)
331 4094 457 4144 burgenses
472 4107 490 4138 c.
537 4096 560 4148 b)
577 4097 717 4147 pretendunt
730 4109 748 4140 r.
794 4094 815 4149 c)
831 4097 945 4139 intuitis.
996 4094 1019 4149 d)
1036 4101 1147 4138 sacrante
1162 4107 1181 4137 o.
1233 4093 1255 4148 e)
1272 4095 1403 4140 motatore.

292 4150 311 4204 t)
327 4153 435 4195 desumat
449 4165 466 4194 a
525 4153 549 4207 g)
566 4155 693 4198 offemntur
707 4168 726 4202 a.

294 4301 324 4369 1)
344 4321 370 4354 a.
385 4305 464 4368 1302,
482 4302 550 4356 Mai.
568 4306 613 4358 25.
667 4304 696 4372 2)
717 4304 865 4374 Oourtrapr
883 4308 936 4360 Iol.
951 4309 995 4360 11.
1051 4307 1082 4375 3)
1100 4306 1168 4358 maz
1186 4309 1265 4367 iacta
1278 4307 1403 4362 Rhenum.

292 4374 323 4442 4)
345 4374 518 4430 Caelestinum
537 4377 568 4431 V.
588 4379 642 4430 iarn
662 4379 750 4432 eadem
770 4396 841 4432 anno
853 4387 961 4448 papatu
981 4399 1008 4436 se
1027 4379 1164 4434 abdicasse
1182 4389 1291 4437 constat.
