2924 5006
102 403 284 456 CHRONIOA
303 402 417 454 REGIA
438 402 689 455 cOLONIENSIS.
711 402 810 456 coNT.
834 403 958 456 11161.
973 404 1051 456 1198.
1110 407 1160 455 161

447 575 761 628 Recensiol.etH.
797 573 798 576 ’

47 647 184 730 positum
209 645 369 730 siquidem
391 665 501 708 eorum
513 643 599 729 fuit,
627 666 735 708 omnes
758 646 842 708 vires
864 665 944 708 suas
966 655 1080 709 contra
1103 668 1162 731 nos

51 727 205 814 qiundere
228 736 421 811 onmesquea
443 729 529 791 vires
557 737 688 792 nostras
704 736 903 811 attemptare.
947 729 1015 794 Sed
1030 737 1159 815 protec-

53 824 98 878 tor
111 813 147 876 in
170 835 203 876 se
219 813 424 896 sperantium
439 808 542 893 Deus,
565 812 623 896 qui
644 811 761 876 liberat
776 833 960 896 pauperem
982 835 1003 876 a
1020 822 1160 898 potente,

50 920 109 960 non
140 898 210 961 siue
237 896 340 960 multa
368 897 547 980 impiorum
577 894 867 979 dampnificatione
889 919 1057 980 pauperes
1085 919 1161 960 suos

50 981 163 1066 en'puit
184 981 225 1044 de
253 978 407 1043 manibus
435 981 622 1064 impiorum.
667 980 845 1043 Dominum
872 983 992 1065 quippe
1015 980 1161 1068 Sydonis

50 1073 74 1128 et
93 1063 175 1128 aiios
191 1087 290 1150 quam
305 1063 421 1148 piures
436 1062 642 1128 Sarracenos
656 1063 775 1129 ibidem
790 1073 933 1128 mortuos
947 1065 1160 1151 reliquerunt,

50 1157 74 1210 ei
86 1149 291 1232 postmodum
313 1170 476 1232 nusquam
497 1147 592 1211 nobis
614 1170 780 1212 occurrere
800 1150 877 1212 ausi
889 1147 1043 1232 fuerunt.
1087 1147 1158 1213 Sic·

68 1255 102 1295 ue
122 1232 229 1296 eodem
259 1231 312 1296 die
339 1251 437 1314 super
454 1231 581 1315 flumen
605 1230 744 1316 Sydonis
773 1254 846 1295 cnm
872 1234 999 1318 qaudio
1021 1234 1161 1298 tentoria

46 1255 183 1397 inimus.
231 1315 311 1380 Oum
334 1324 441 1378 autem
469 1337 570 1379 naves
596 1325 727 1379 nostrae
753 1318 914 1380 accercitus
941 1319 1159 1400 precederent,

51 1409 75 1461 et
102 1399 286 1464 Sarraccni
319 1399 491 1463 enistentes
523 1401 561 1462 in
591 1409 698 1463 castro
725 1399 835 1463 Beriti
865 1422 965 1464 naues
1000 1404 1160 1465 venientes

50 1483 193 1565 viderent,
216 1493 301 1548 metu
317 1484 499 1567 perterriti,
522 1492 666 1547 castrum
677 1483 786 1547 Beriti
807 1486 1062 1548 munitissimum
1082 1486 1158 1548 reii-

67 1566 638 1648 6666616161166611666666611666
668 1567 903 1652 subsequentes,
933 1579 1076 1632 castrum
1098 1569 1158 1633 ibi-

51 1591 120 1730 166,
144 1651 232 1735 quod
269 1660 340 1715 erat
374 1653 646 1732 munitissimum,
688 1651 807 1736 absque
844 1655 932 1717 omni
964 1652 1159 1737 dffflcultate

51 1758 78 1798 ce
100 1737 194 1816 irnus,
222 1744 252 1799 et
282 1743 326 1798 iot
354 1754 450 1798 arma
472 1735 770 1799 alabastrariorum
792 1744 820 1797 et
849 1738 1100 1820 saqittariorum
1122 1739 1160 1800 in

50 1757 98 1882 iti
119 1828 225 1882 castro
246 1819 442 1898 invenimus,
471 1820 557 1902 quod
579 1820 636 1882 vin
658 1819 701 1882 20
717 1817 877 1904 plaustra
893 1818 990 1903 ferre
1014 1830 1159 1904 possent,

51 1911 74 1964 et
99 1911 140 1966 tot
165 1901 337 1984 victualia,
371 1903 459 1988 quod
485 1904 673 1988 quinqentis
702 1902 886 1967 hominibus
919 1904 964 1967 ad
987 1904 1005 1965 i
1029 1904 1158 1968 annosb

52 2009 82 2048 su
92 1985 236 2068 ficerunt.
283 1985 361 2051 Cum
392 1995 498 2050 autem
527 1986 575 2050 ibi
607 1986 646 2050 15
675 1985 788 2050 diebus
814 2007 942 2050 moram
958 1985 1158 2070 faceremus,

15 2093 16 2110 ³
79 2071 103 2134 ii
116 2071 302 2134 Sarraceni
325 2071 497 2134 adventum
512 2079 657 2134 nostrum
678 2079 862 2151 metuentes,
885 2079 1027 2134 castrum
1049 2073 1157 2154 66661ο

51 2153 162 2218 dicitur
191 2152 306 2219 (111611
337 2164 366 2218 61
395 2153 489 2218 aliud
518 2163 660 2218 castrum
673 2152 905 2236 firmissimum
927 2155 1015 2239 qnod
1035 2155 1158 2242 Lqecite

15 2273 16 2276 κ
51 2237 179 2301 dicitur²
209 2238 424 2322 reliquerunt.
468 2237 539 2302 Hoc
562 2239 688 2318 audito,
718 2247 746 2302 et
774 2240 913 2324 coquito,
936 2239 1024 2322 quod
1046 2241 1158 2304 omnio

51 2331 149 2386 costra
176 2322 334 2386 marina⁰l
362 2345 462 2406 usque
488 2324 525 2385 in
548 2320 759 2386 Antiochiam
786 2332 890 2386 essent
918 2323 977 2386 sub
999 2332 1158 2407 potestate

15 2411 18 2462 ζ
51 2405 306 2488 christianorum,
329 2428 441 2470 versus
462 2404 612 2492 Sydones
639 2415 839 2488 revertentes,
870 2415 991 2470 terram
1020 2409 1156 2471 circum-

15 2473 17 2528 i

15 2533 17 2586 ,
50 2509 176 2590 quaque,
201 2513 301 2577 quam
321 2498 496 2554 tenuerunt
510 2489 703 2570 Sarraceni,
724 2493 943 2555 vastavimus:
965 2501 994 2554 et
1022 2492 1069 2555 sic
1095 2514 1157 2576 per

15 2587 18 2666 1
51 2574 204 2638 auntiium
227 2575 365 2660 superni
385 2575 498 2660 Reqis,
517 2572 655 2660 fuqatis
678 2571 889 2655 Sarracenis,
912 2577 1055 2720 quinus
1078 2598 1155 2638 uam

15 2667 17 2754 Ι
51 2678 226 2742 comparere
255 2659 386 2740 audent,
419 2667 566 2723 sanctam
595 2659 756 2723 civitatem
777 2659 917 2721 Iterusa
931 2682 978 2723 em
1003 2661 1041 2724 in
1058 2598 1158 2723 qbrevi

15 2757 16 2800 1
50 2743 237 2826 capiendam
280 2764 346 2806 esse
389 2764 570 2827 speramus.
629 2740 813 2806 Sarraceni
855 2743 940 2806 enim
982 2745 1158 2807 accercitum

51 2835 186 2890 nostrum
208 2828 398 2890 unanimem
419 2847 486 2890 esse
508 2828 642 2891 scientes
657 2835 685 2888 61
690 2825 824 2910 fortem,
847 2849 1011 2911 nusquam
1033 2827 1158 2891 audent

50 2929 213 2993 apparere.
258 2911 339 2975 Inde
368 2919 424 2991 est,
451 2910 539 2994 quod
566 2917 707 2974 vestram
734 2910 851 2974 ohnioce
873 2932 1048 2975 evocamus
1069 2933 1156 2974 reve-

50 2996 187 3076 rentiam,
216 3003 376 3079 quatenus
393 3017 460 3078 pro
483 3004 597 3058 nostra
628 3017 666 3058 ac
689 2995 786 3058 totius
808 2994 1062 3064 christianitatis
1078 3017 1157 3078 pro-

15 3107 17 3114 *
50 3080 192 3160 speritate
212 3102 286 3226 per
316 3087 417 3142 totum
450 3078 770 3163 archiepiscopatum
802 3088 941 3142 vestrum
970 3081 1157 3142 memoriam

15 3201 16 3206 κ
50 3165 144 3226 666161
165 3163 210 3226 16
232 3165 281 3226 eri
292 3162 449 3247 faciatis,
473 3171 501 3224 ct
523 3171 559 3225 ut
581 3171 730 3247 sequatos
752 3164 789 3226 in
810 3171 913 3226 vestro
938 3163 1155 3245 archiepisco-

15 3241 17 3330 Ι
47 3254 122 3328 potu
145 3247 191 3310 661
207 3245 460 3330 persolvendum
481 3254 557 3310 vota
579 3267 641 3308 sua
671 3255 700 3308 et
728 3246 985 3310 succurrendum
1007 3246 1157 3310 christia-

15 3335 17 3412 1
51 3330 157 3393 611611θ
191 3329 403 3414 compellatis.
457 3328 498 3394 Si
531 3333 585 3414 qui
614 3331 711 3394 etiam
739 3331 777 3394 in
810 3339 900 3394 terra
924 3330 1158 3412 promissionis

15 3415 17 3472 1
50 3433 168 3477 manere
197 3412 373 3495 voluerint,
409 3413 535 3477 reditus
562 3415 608 3477 eis
637 3412 835 3498 sufficientes
863 3415 900 3477 in
930 3413 1040 3478 eadem
1068 3422 1157 3478 terro

52 3499 214 3583 assiqnari
224 3497 403 3582 faciemus.
454 3497 567 3562 Valete.

388 3585 761 3639 oeconomumque.
783 3585 809 3638 0.

285 3652 380 3718 Anno
403 3653 580 3718 dominicae
602 3655 830 3719 incarnationis
855 3653 946 3723 1198.

123 3735 321 3836 Oeiestinus³
337 3759 423 3885 paqa
438 3737 535 3819 obiit3
559 3738 612 3836 qui
622 3738 802 3819 Lotharius,
826 3739 880 3823 qui
895 3746 927 3802 61
940 3737 1156 3834 Innocentius,

52 3830 201 3884 succcsslt.
274 3821 382 3887 Ounra
406 3843 424 3884 o
447 3832 612 3907 preposlto
631 3821 688 3884 def
709 3821 872 3886 Deventre
894 3831 926 3885 et
947 3820 1156 3902 Theodenco,

52 3914 239 3929 Ἠ
399 3938 564 3990 Recensio
582 3939 626 3990 ΙΙ.
646 3939 715 3992 eod.
734 3939 794 3991 131.

131 4011 282 4065 celestinus
302 4039 336 4048 -
358 4039 391 4050 -
412 4011 446 4062 de
465 4012 588 4079 Norberg
607 4013 648 4077 (iu
665 4013 717 4068 stne
737 4011 803 4062 anni
824 4009 917 4078 1197).

53 4093 125 4147 sideest
139 4103 185 4144 Bi.
216 4102 240 4154 b)
250 4103 312 4145 voli
329 4105 397 4143 annis
413 4104 443 4144 sd
459 4106 547 4154 septem
564 4114 637 4144 annos
653 4103 812 4147 131.s.o1.2
830 4102 877 4156 (vsi
893 4102 905 4142 1
922 4103 989 4144 annis
1005 4103 1029 4142 in
1044 4103 1157 4152 archetypo

52 4165 143 4206 nvuscr.
160 4160 225 4214 erat).
255 4161 276 4214 6)
292 4164 354 4212 quod
370 4163 393 4205 d.
408 4161 483 4213 Gyhol
499 4173 518 4204 6.
535 4174 555 4203 s.
573 4167 673 4203 castrum
687 4164 711 4202 tn
726 4174 795 4212 marq.
812 4163 862 4204 616.
878 4162 919 4202 01.
955 4163 979 4213 d)
995 4162 1098 4201 maxima
1114 4163 1156 4202 01.

53 4212 70 4264 1)
76 4218 246 4262 christianitatis
254 4222 273 4261 Α
282 4223 303 4264 2.
314 4222 454 4273 1666616666.
464 4223 626 4262 christianitati
635 4223 656 4260 B
663 4225 683 4263 1.
714 4221 798 4272 11616661
810 4222 830 4260 B
837 4224 856 4262 1.
867 4223 916 4271 013
932 4232 967 4271 pr.
977 4221 1106 4262 stcntris
1115 4221 1157 4262 02.

15 4307 16 4368 Ξ
55 4309 204 4374 litiatoria.
279 4306 474 4382 1)]36161111.
556 4315 636 4384 3)]1,
656 4317 702 4383 qui
721 4333 821 4368 annum
839 4333 926 4368 mense
945 4316 1045 4368 Martio
1063 4315 1157 4384 incipit

15 4399 17 4456 ὲ
54 4380 106 4436 iaec
121 4385 215 4455 influe
234 4407 259 4441 a.
281 4390 361 4440 1197.
377 4391 485 4455 posuii‚·
503 4391 563 4444 vide
583 4390 789 4456 praefationem.

883 4475 921 4537 11
