2944 5002
262 383 418 435 MARTINI
438 383 685 436 CONTINUATIO
707 383 959 438 COLONIENSIS.
1115 385 1168 437 stt

34 557 192 640 poterita
213 552 421 619 latitudinem
445 553 549 617 risoris
571 552 772 634 obumbrare,
795 560 823 615 et
845 551 930 615 uelut
951 553 1068 638 puttal'
1083 557 1171 621 roris

41 638 189 703 minimo
197 648 210 680 ⁰
218 646 334 702 contra
345 659 508 724 aquarum
516 636 756 702 multitudinem
767 638 803 701 in
815 633 929 700 lunce‘¹
940 638 1050 721 positu
1062 660 1170 702 uume-

41 732 126 786 rus⁶
153 731 230 786 tuus
257 723 406 786 uirtutem
429 723 535 786 nostri
562 723 723 785 causitus
743 720 983 805 reponderubit.
1029 719 1171 789 Consulo

41 805 119 887 tibi,
144 805 222 891 quir
239 804 433 891 intedipens,
456 806 514 890 qui
529 806 679 891 prudeus
694 806 826 886 diceris,
848 826 944 869 serou
965 806 1033 870 ium
1053 809 1170 873 morti⁰

43 893 226 974 conpositos,
248 912 315 955 non
330 890 447 954 trudas
468 890 629 954 innocuos
638 899 663 951 t.
696 888 855 974 Alioquin
877 888 962 955 eris¹¹
980 911 1171 975 pauperum

45 975 188 1056 occisor,
223 977 362 1060 inopum
391 973 586 1054 dilaniator,
623 973 824 1057 simplicium
853 974 1012 1055 seductor,
1044 983 1072 1039 et
1100 978 1170 1060 ipse

45 1067 172 1124 nature
195 1059 347 1123 conditor
372 1081 473 1143 super
498 1068 526 1122 te
556 1059 753 1143 sanquinem
775 1057 1003 1142 predictorum
1030 1061 1171 1144 requiret

45 1152 77 1206 et
93 1165 207 1208 corum
224 1144 311 1207 omni
337 1144 461 1208 otenciu
482 1164 545 1206 suu
555 1142 784 1226 permanebis*
807 1142 974 1206 racionem
995 1145 1170 1208 certissime

44 1228 254 1295 redditurus.
333 1236 422 1292 utum
432 1225 633 1290 Bauttontek
649 1228 777 1291 ciuitate
789 1235 903 1290 nostru
914 1226 1170 1313 opulentissima,

46 1335 146 1377 anno
167 1313 354 1377 natiuitatis
375 1320 482 1376 nostre
504 1311 572 1391 35¹,
599 1313 695 1397 regni
715 1333 790 1375 uero
812 1312 919 1374 nostri
941 1311 1044 1376 19¹⁰·1.

136 1397 187 1460 Im
211 1405 315 1460 arator
335 1395 444 1482 itaque
466 1393 639 1459 Heinricus

179 1417 233 1544 llil
254 1489 363 1544 actum
385 1477 528 1562 credens,
551 1500 625 1543 cum
647 1477 746 1565 quid¹¹
769 1487 949 1564 superesset
970 1477 1141 1564 agendum,

47 1563 85 1628 in
106 1565 288 1629 anteriora⁰
303 1564 504 1650 prospiciens
523 1573 555 1628 et
575 1585 685 1629 eorum
701 1585 763 1712 pue
777 1572 861 1627 retro
877 1573 951 1628 sunt
966 1562 1170 1645 obliviscens,

46 1670 69 1712 a
102 1658 249 1734 tempore
286 1649 487 1734 imperatoris
515 1648 673 1713 Friderici
722 1648 748 1712 I.
777 1646 924 1732 neglecta
956 1655 987 1712 et
1019 1668 1039 1710 a
1070 1668 1170 1732 regno

47 1732 192 1798 alienata
205 1753 395 1817 recuperare
411 1732 570 1818 cupiebat.
614 1733 828 1818 Quocumque
843 1741 951 1795 autem
966 1753 1000 1796 sc
1014 1732 1169 1813 vertebat,

48 1817 189 1882 victoria
209 1819 322 1902 pocius
344 1839 427 1900 eum,
448 1826 485 1881 ut
505 1817 551 1882 ita
567 1817 702 1898 dicatur,
724 1814 919 1914 precedebat
940 1837 1037 1902 quam
1059 1838 1169 1903 seque·

47 1901 165 1984 batur3
189 1911 220 1966 et
241 1901 288 1965 sic
309 1899 418 2000 aliqui,
440 1922 521 1987 quos
542 1902 708 1966 nominare
729 1899 876 1964 illicitum
898 1910 955 1983 est,
978 1901 1045 1964 eius
1067 1901 1169 1965 incre·

49 1995 197 2051 mentum
213 2008 307 2049 suum
322 1987 540 2051 ex1stimantes
555 1985 790 2068 detrimentum,
809 2005 881 2048 cum
895 1985 930 2047 in
944 1985 1168 2069 assumpcione
1179 2003 1247 2048 urs.

53 2071 190 2156 virginis
217 2069 355 2155 gloriose
382 2073 611 2152 comunicaret,
643 2071 678 2132 in
704 2070 775 2155 ipso
804 2078 1003 2133 sacramento
1031 2063 1281 2153 venenc,‘¹“⁹·¹⁶·

50 2164 89 2220 ut
111 2155 256 2219 comunis
279 2154 411 2254 opinior
433 2163 510 2218 tunc
532 2164 565 2219 at
586 2177 624 2218 us
648 2176 689 2218 ue
710 2174 797 2218 nunc
818 2162 914 2235 tenet,
935 2152 1168 2236 miserabiliter,

51 2239 156 2326 proch
171 2237 277 2303 dolor!
299 2239 486 2303 mterlectus
501 2248 558 2320 est,
581 2248 613 2305 et
626 2177 746 2324 lysam
761 2236 929 2320 adductus,
951 2259 1026 2303 cum
1034 2236 1172 2388 planctu
1240 2257 1249 2277 ⁸

1066 2344 1170 2387 ersus:

51 2323 264 2410 plurimorum
286 2322 606 2388 honorificentissime
622 2321 784 2472 sepulture
798 2321 933 2386 traditus
948 2330 1005 2388 est.

181 2409 276 2472 Anno
298 2406 426 2472 milleno
449 2418 631 2474 trecenteno
676 2407 803 2472 uodeno

181 2492 254 2558 Uno
277 2513 342 2556 non
362 2491 457 2578 pleno
479 2494 623 2578 privatus
645 2491 717 2557 luce
738 2513 861 2557 veneno

181 2575 353 2642 Heinricus
377 2574 492 2659 dictus,
513 2576 600 2642 nullo
624 2577 798 2642 certamine
819 2577 933 2659 victus,

179 2661 231 2726 De
255 2659 472 2747 Luzlinburgs
494 2672 598 2743 natus,
621 2661 708 2726 nullo
730 2660 815 2726 vicio
837 2658 982 2726 violatus.

180 2745 280 2811 Cesar
297 2755 365 2810 erat
386 2768 522 2832 magnus
544 2792 897 2815 ............
905 2757 917 2786 f

183 2830 212 2896 0
235 2841 390 2916 quantum
411 2829 519 2895 flenda
538 2853 600 2912 res,
622 2851 640 2894 o
663 2840 883 2916 quantumque
905 2827 1052 2911 dolenda,

180 2914 266 2980 Huic
289 2916 364 3001 quia
386 2935 499 2980 sereno
520 2937 605 2979 mors
628 2923 675 2979 est
695 2913 784 2979 illata
805 2914 945 2979 veneno!

179 2998 291 3064 Verax
312 3020 467 3082 sermone,
487 2999 629 3086 prudens
651 3006 682 3064 et
703 3021 763 3084 par
784 2997 983 3063 salomones.

57 3083 165 3165 Quare
186 3093 293 3148 autem
315 3082 376 3147 hoc
404 3083 515 3148 divina
544 3083 718 3148 clemencia
746 3082 816 3147 fieri
847 3081 1002 3168 permisit,
1032 3079 1171 3144 discerni

56 3189 120 3232 non
146 3177 252 3254 potest
279 3189 339 3233 nec
370 3170 582 3254 presumitur,
616 3167 693 3254 quia
724 3165 843 3230 iudicia
871 3166 1005 3231 Domini
1034 3163 1170 3249 abyssus
1180 3188 1216 3234 a.
1226 3190 1262 3244 ss,
1271 3191 1294 3233 r.

55 3251 162 3322 multa.
206 3251 249 3318 m
270 3251 447 3339 quomodo*
472 3252 611 3316 humana
630 3253 793 3317 temeritas
807 3250 925 3316 audeat
938 3248 1171 3349 reprehendere

55 3335 142 3423 quod
162 3337 293 3401 minime
315 3334 399 3402 valet
421 3357 492 3400 com
517 3335 713 3402 rehendere‘?
756 3335 843 3416 Nisi,
870 3344 906 3399 ut
927 3342 1082 3420 scuptum
1112 3343 1170 3414 est,

55 3430 173 3508 ruptus
201 3431 255 3505 est,
289 3444 328 3486 ne
357 3423 403 3508 sic
432 3359 567 3486 malicia
595 3430 735 3485 mutaret
762 3421 956 3486 intellectum
984 3420 1104 3504 ipsius,
1141 3426 1172 3482 et
1180 3405 1264 3506 Ἣ
1273 3407 1309 3450 ¹¹·

53 3649 77 3702 a)
93 3651 109 3692 1.
126 3661 156 3690 m.
172 3661 195 3700 p.
211 3663 228 3690 e.
310 3647 334 3700 b)
351 3651 410 3691 roris
427 3654 492 3700 gutta
507 3662 524 3691 c.
605 3649 626 3700 c)
642 3651 698 3690 deest
715 3651 735 3691 2.
817 3649 840 3702 d)
856 3651 908 3690 luce
924 3661 942 3691 c.
1023 3647 1046 3700 e)
1062 3657 1194 3688 numerus

54 3714 109 3752 tuus
124 3711 200 3750 uuum
214 3720 247 3760 c.,·
261 3709 307 3749 tut
318 3710 460 3750 inueniuntur
475 3710 540 3749 verta
554 3709 597 3750 istu
609 3715 660 3760 pou
676 3711 741 3750 roris.
799 3708 819 3761 t)
836 3710 891 3759 quia
907 3711 927 3750 2.
984 3705 1007 3759 g)
1021 3709 1133 3748 innocuas
1149 3707 1170 3750 2.

54 3769 80 3821 h)
95 3781 118 3820 p.
134 3779 154 3810 c.
169 3781 187 3810 c.
262 3767 281 3819 i)
297 3779 347 3810 rec.
361 3780 433 3819 perm.
450 3770 564 3810 rediturus
571 3780 589 3808 c.
670 3766 695 3821 k)
711 3770 736 3808 in
750 3768 902 3810 Bablloniec.
982 3766 1000 3817 l)
1016 3767 1137 3808 trecesimo
1153 3778 1171 3807 e.

53 3827 162 3882 m)xn1.
176 3831 195 3872 2.
262 3825 370 3878 n)qu1a
440 3827 463 3880 o)
479 3828 590 3871 anteriori
605 3839 622 3868 c.
704 3831 728 3883 p)
746 3829 841 3878 oppinio
857 3839 875 3870 e.
958 3823 982 3879 q)
995 3826 1137 3875 Lunltnbarg
1152 3837 1170 3866 c.

53 3888 75 3940 r)
91 3888 174 3937 relique
189 3887 254 3927 uerba
269 3887 333 3927 tactus
347 3897 423 3928 rerum
438 3888 568 3935 mutuant,
583 3887 646 3927 nutlu
662 3887 685 3926 tn
701 3888 748 3928 cot.
759 3892 843 3928 meante
858 3888 945 3927 lacuna.
991 3885 1011 3940 s)
1020 3883 1170 3927 Salmonae.

53 3946 73 3999 t)
90 3947 198 3996 qnoniam
213 3957 231 3988 c.

55 4113 85 4182 1)
103 4113 191 4168 Molck
209 4117 237 4167 ot
257 4114 378 4181 Aselsrof
397 4114 526 4166 comanus
548 4132 601 4166 uno
626 4115 669 4167 die
688 4124 833 4182 postquam
852 4113 989 4179 Kcluoun,
1004 4121 1086 4181 puter
1105 4116 1170 4181 eius,

53 4186 115 4243 obiit
134 4189 227 4253 (1290,
248 4188 316 4242 Nou
340 4189 388 4250 11‚·
407 4206 431 4240 u.
459 4188 566 4252 Wilken,
593 4188 694 4240 ‘aesca
720 4190 769 4240 der
787 4185 950 4256 Kreuaattqe'
973 4187 1043 4250 VII,
1058 4206 1088 4256 p.
1105 4191 1170 4254 ⁷34)

53 4279 160 4332 regnum
191 4261 313 4328 suscepit.
373 4261 497 4327 Epistola
535 4270 622 4314 cutem
653 4261 790 4314 Clementis
819 4278 929 4327 pupae,
966 4261 1011 4313 cui
1042 4263 1170 4315 scalenus

52 4337 197 4403 respondet,
229 4337 296 4388 dato
324 4341 363 4387 est
388 4336 520 4387 Arinionc
545 4335 716 4404 pontificatus
749 4338 833 4388 nostri
862 4351 932 4386 anno
960 4338 1053 4388 tercio.
1097 4336 1170 4391 Unde

53 4411 185 4476 opuntem
194 4407 301 4470 solutum
313 4427 339 4461 a.
355 4409 433 4460 1308.
445 4407 619 4462 cuetmtesiue
632 4426 703 4461 anno
719 4410 799 4462 1309.
811 4409 904 4462 dotum
920 4425 983 4475 esse,
1001 4419 1122 4477 apparet.
1142 4409 1169 4461 0.
