2970 4996
281 421 332 470 102
479 420 666 472 OHRONIOA
686 421 799 472 REGIA
819 418 1062 472 COLONIENSIS
1082 418 1114 469 A.
1136 417 1215 467 1159.

653 592 816 646 Becausio
836 593 858 643 Ι,
881 593 976 644 codd.
995 589 1029 642 A.

280 663 374 728 Miles
394 684 470 727 vero
493 662 544 727 ille
560 683 625 810 pro
647 663 714 726 vita
735 682 794 724 sua
816 660 879 724 duo
901 659 990 724 milia
1012 680 1192 723 marcarum
1213 655 1410 743 spopondit;

280 749 338 814 sed
364 769 474 812 caesar
502 749 558 812 vin
582 748 680 811 ictam
711 745 818 808 animo
840 766 972 829 gerens,
995 764 1079 892 epua
1101 754 1185 808 sorte
1215 753 1251 806 ut
1279 751 1409 807 ceteros

280 832 369 898 iubet
401 854 474 896 eum
506 839 580 895 ante
637 839 740 894 ortam
771 829 860 894 urbis
890 851 1010 915 suspen
1035 830 1055 907 i,
1095 827 1203 891 multis
1235 828 1335 890 etiam
1361 848 1408 889 ex

280 917 489 982 Theutonicis
517 937 575 1001 pro
605 853 708 978 ldrma
729 913 814 977 illius
837 912 1114 998 compatientibus,
1160 910 1305 974 Tandem
1328 909 1411 974 Ore-

282 1023 407 1065 menses
436 1001 502 1064 vim
530 998 667 1063 militum
695 997 778 1062 ferre
799 1019 864 1061 non
884 995 1038 1077 valentes,
1072 997 1180 1094 petitis
1202 995 1324 1059 dextris
1347 997 1411 1058 im-

281 1086 462 1184 peratoriae
491 1106 525 1148 se
554 1094 586 1148 et
612 1081 748 1147 urbema
777 1081 907 1146 tradunt
934 1091 1115 1167 potestate.
1166 1079 1267 1144 Dedit
1296 1089 1410 1143 autem

281 1179 457 1254 1mperator
483 1166 667 1232 facultatem
693 1165 836 1251 singulis,
869 1175 905 1229 ut
933 1187 1015 1250 quae
1038 1187 1079 1229 ue
1100 1165 1232 1228 humero
1256 1163 1409 1248 gestareb

283 1253 471 1338 potuissent,
487 1251 668 1332 efferrent05
691 1251 748 1315 ubi
770 1259 917 1314 matrona
941 1187 1100 1335 quaedam
1116 1245 1270 1333 neglectis
1286 1246 1408 1334 opibus

282 1337 387 1401 virum
417 1358 511 1400 suum
542 1334 681 1400 debilem
708 1335 866 1420 permissu
894 1335 1032 1398 caesaris
1054 1333 1195 1397 humeris
1217 1333 1410 1417 impositum

283 1421 362 1485 urbe
390 1418 532 1485 eduxitl.
578 1418 632 1484 sic
661 1419 705 1482 ita
729 1441 769 1483 ue
800 1417 917 1483 Orema
946 1419 1032 1484 victe
1063 1427 1094 1481 et
1122 1417 1256 1481 subacta
1279 1425 1337 1499 est,
1372 1417 1410 1478 in

307 1527 349 1568 ua
382 1526 455 1589 spes
488 1505 631 1567 maxima
660 1439 949 1566 Mediolanensium
982 1511 1060 1566 erat.
1122 1501 1267 1565 Interea⁰
1304 1500 1409 1586 legati

284 1526 525 1654 boloniensium
567 1586 693 1652 Italiam
729 1587 876 1669 veniunt,
918 1586 1072 1650 domnum
1098 1583 1290 1650 Reinoldum
1332 1607 1409 1649 can-

285 1671 467 1737 cellariumf
510 1671 574 1737 sibi
621 1672 655 1734 in
693 1671 876 1756 pontificem
911 1671 1098 1757 deposcunt.
1154 1668 1295 1734 Gavisus
1328 1691 1409 1755 ergo

283 1759 467 1842 imperator,
513 1756 598 1841 quod
626 1754 733 1820 locum
768 1755 897 1819 honoris
934 1753 1120 1819 deferendi&
1157 1755 1186 1818 ei
1222 1755 1409 1836 invenisset,

283 1851 374 1928 grato
412 1842 519 1905 animo
555 1839 779 1905 Coloniensem
816 1841 1037 1925 episcopatum
1075 1848 1107 1904 et
1136 1861 1219 1925 quae
1252 1840 1301 1903 sui
1328 1838 1409 1901 iuris

284 1933 374 1990 erant
409 1923 550 1990 tradidit.
601 1923 669 1988 Nec
702 1923 802 1988 multo
859 1933 908 1986 ost
937 1922 1023 1987 idem
1055 1921 1240 2004 Reinoldus,
1273 1931 1411 2007 accepta

284 2007 413 2073 licentia
448 2011 668 2094 imperatoris,
713 2007 753 2072 de
791 1947 885 2071 Italia
931 2005 1098 2072 Coloniam
1141 2008 1246 2087 veuit,
1289 2027 1410 2069 novam

284 2091 431 2156 militiam
452 2094 638 2177 imperatori
660 2091 867 2156 adducturus,
906 2089 1081 2177 Susceptus
1103 2092 1212 2175 itaque
1233 2088 1408 2153 honorifice

283 2199 304 2240 a
326 2177 502 2274 capitaneis
536 2184 569 2238 et
601 2176 724 2240 civibus
759 2173 959 2240 Coloniensis
987 2174 1150 2256 ecclesiae,
1187 2173 1350 2258 dispositis
1374 2173 1408 2235 in

284 2260 376 2323 breul
404 2259 541 2344 negotiis
571 2261 636 2322 suis
646 2271 670 2340 ἔ,
707 2281 779 2322 cum
810 2261 872 2324 300
902 2258 1010 2324 electis
1038 2257 1192 2324 militibus
1219 2280 1344 2321 rursum
1374 2259 1409 2319 in

285 2342 516 2408 Lonbardiami
541 2341 583 2405 ad
605 2345 832 2428 imperatorem
854 2345 1057 2408 revertitur².
1080 2399 1082 2404 .

370 2425 437 2490 Illis
465 2427 578 2491 diebus
607 2428 790 2513 imperator,
825 2424 943 2491 relictis
972 2428 1116 2493 tentoriis
1145 2448 1184 2491 ac
1207 2426 1353 2489 somariis
1377 2434 1409 2490 et

286 2511 438 2576 omnibus
468 2511 675 2596 impeditivis‚
708 2509 859 2596 expedite
887 2532 961 2575 cum
986 2511 1141 2575 militibus
1171 2521 1204 2574 et
1231 2511 1328 2573 armis
1349 2532 1410 2595 per

285 2596 372 2659 diem
395 2605 427 2658 et
447 2605 574 2659 noctem
596 2596 703 2680 rapuit
725 2618 759 2660 se
781 2596 814 2658 in
834 2604 950 2660 terram
967 2604 999 2660 et
1013 2605 1165 2660 montana
1179 2595 1409 2676 Brixiensium,

285 2678 452 2742 destruens
484 2688 597 2763 pontes
630 2689 661 2743 et
694 2678 823 2744 castella
853 2680 1002 2827 pdontium
1034 2702 1094 2765 per
1125 2678 1269 2742 diversas
1297 2699 1409 2764 aquas,

286 2762 394 2828 undek
410 2773 569 2826 mercatus
581 2761 698 2826 adduci
713 2772 838 2849 poterat
889 2762 1157 2845 ediolanemihm,
1173 2761 1264 2826 villas
1303 2782 1409 2846 uoque

286 2848 469 2911 innumeras
499 2847 749 2946 circumquaque
772 2847 968 2912 devastansl.
1019 2849 1099 2910 Erat
1126 2846 1257 2932 quidam
1280 2785 1410 2930 burgus

286 2931 409 2994 civitati
432 2930 658 3017 comparabilis
668 2941 691 3013 ³,
715 2931 843 2995 clausus
863 2931 947 3012 lacu,
975 2930 1113 3018 Alpibus
1137 2939 1168 2996 et
1189 2928 1318 3017 palude,
1341 2939 1409 2992 tam

287 3022 402 3078 natura
424 3023 484 3078 et¹¹¹
515 3015 578 3078 situ
605 3013 668 3078 loci
699 3015 907 3097 fortissimus,
942 3027 1057 3100 quamn
1080 3016 1167 3078 omni
1201 3014 1411 3078 divitiarum⁰

288 3143 489 3152 '‘W“
654 3159 818 3212 trecensu>
839 3160 879 3211 Π.
902 3161 967 3211 coo.
990 3159 1042 3212 or.

287 3252 366 3301 hinc
395 3258 426 3302 et
454 3252 536 3302 inde
572 3253 833 3313 corruentibus,
868 3252 1026 3303 Cremenses
1057 3251 1166 3302 tandem
1198 3252 1303 3302 rebus
1335 3255 1412 3303 suis

286 3323 501 3376 diffidentes
531 3327 563 3374 in
598 3326 811 3376 deditionem
843 3330 1026 3388 venerunt,
1058 3340 1159 3390 seque
1187 3331 1214 3376 et
1239 3325 1333 3376 urbem
1359 3327 1412 3375 im-

287 3400 417 3464 peratoris
453 3399 604 3449 arbitrio
640 3399 859 3450 tradiderunt.
922 3400 968 3450 Sic
1005 3401 1098 3464 itaque
1133 3399 1230 3448 Creme
1271 3401 1344 3449 victu
1386 3404 1414 3449 et

285 3471 402 3521 subacta
435 3479 483 3535 est,
518 3475 545 3520 in
586 3488 639 3536 qua
677 3488 739 3538 spes
772 3473 889 3521 maxima
920 3471 1162 3522 Mediolanensium
1200 3477 1265 3522 erat.
1327 3471 1414 3524 Post

288 3545 351 3594 hec
376 3545 529 3608 imperator,
557 3547 585 3594 iu
614 3551 712 3595 terram
742 3546 919 3596 Brixieusium
946 3547 1100 3595 traiecto
1121 3547 1295 3608 exercitu,
1314 3551 1413 3610 pontes

288 3622 315 3666 et
335 3616 449 3666 castella
468 3619 588 3682 pontium
601 3634 649 3684 per
668 3618 774 3668 diversa
798 3619 954 3680 flumina,
981 3619 1050 3668 unde
1072 3623 1204 3670 mercatus
1223 3619 1412 3669 Mediolanen-

287 3689 362 3740 sibus
387 3691 522 3752 apportari
547 3695 661 3755 poterat,
686 3690 818 3756 villasque
845 3707 925 3757 quam
955 3691 1084 3756 plurimas
1118 3691 1286 3742 devastabat.
1344 3693 1413 3742 Erat

286 3761 398 3826 quidam
418 3762 518 3827 burgus
539 3764 644 3814 clausus
657 3764 728 3827 lacu,
749 3764 848 3830 palude
878 3771 905 3816 et
933 3765 1092 3828 montibus,
1124 3769 1219 3816 natura
1238 3771 1265 3815 et
1283 3766 1337 3816 situ
1357 3765 1412 3816 loci

304 3835 524 3887 nvictissimus
544 3838 668 3901 omnique
685 3853 783 3901 genere
795 3837 946 3888 divitiarum
963 3839 1113 3904 opulentus,
1133 3838 1201 3889 adeo
1217 3839 1412 3890 utBrixieuses

286 3977 311 4031 a)
328 3979 382 4019 deest
398 3979 448 4020 Aa.
525 3980 549 4032 b)
567 3985 657 4030 gestare
675 4003 700 4012 -
719 3982 849 4032 deportavit
871 3984 951 4023 motor-t
966 3985 1039 4022 littera
1055 3985 1137 4034 scripta
1158 3989 1209 4024 »aar
1226 3984 1275 4025 Al.
1343 3982 1365 4034 c)
1383 3995 1413 4025 ex

288 4040 345 4078 urbe
361 4039 536 4080 afferrentur.
553 4042 596 4082 02.
657 4040 893 4091 d)deportcvitA1‚
940 4041 1117 4095 ergrturrs.
1157 4041 1409 4094 f)c.suumelec-

287 4100 348 4137 tum
364 4098 415 4148 dep.
431 4099 474 4148 1313
489 4111 555 4139 suum
572 4101 736 4140 cancellarium
752 4101 797 4140 sibi
812 4102 911 4142 electum
928 4103 948 4146 d.
966 4101 1011 4142 02.
1043 4099 1066 4152 g)
1084 4103 1106 4142 ei
1123 4103 1144 4142 d.
1162 4102 1209 4146 Ar.
1249 4101 1273 4154 h)
1290 4104 1346 4143 deest
1361 4103 1411 4144 Ar.

287 4153 506 4266 t])Lcngobardtam
522 4159 570 4198 Bl.
588 4160 631 4200 02.
706 4157 731 4211 k)
752 4161 806 4200 inde
828 4161 877 4202 Bl.
951 4159 968 4212 l)
991 4161 1105 4201 destruxit
1120 4161 1168 4202 Aa
1228 4160 1260 4213 m)
1283 4173 1353 4212 quam
1369 4163 1413 4205 02.

289 4225 303 4254 n
330 4217 353 4254 et
393 4217 413 4254 2.
475 4216 537 4269 οη.
554 4219 575 4259 d.
595 4217 639 4258 02.

291 4344 320 4409 l)
348 4347 427 4409 1160,
453 4347 516 4400 Iao.
543 4351 587 4402 26.
686 4350 715 4418 2)
745 4368 771 4403 a.
793 4351 871 4414 1159,
901 4349 1002 4404 Octobr.
1025 4352 1067 4404 12.
1094 4354 1170 4418 opud
1197 4351 1315 4405 &emam
1341 4361 1412 4414 erat5

287 4419 392 4482 Fictor,
412 4420 546 4472 ‘Reioald'
562 4439 593 4487 p.
614 4425 658 4473 33.
734 4422 764 4490 3)
784 4424 825 4476 De
844 4422 919 4474 cuius
938 4424 992 4475 situ
1011 4442 1064 4476 nou
1081 4435 1192 4478 coastat.
