2934 4998
163 420 312 473 OLIVERI
330 423 488 474 RELATIO
508 424 558 473 DE
577 423 825 474 EXPEDITIONE
845 423 1059 475 DAMIATINA.
1132 424 1185 474 325

156 591 184 653 1.
216 589 312 654 Anno
340 592 442 676 gratie
467 591 547 656 1217
558 640 565 672 ,
588 602 680 657 sexta
700 591 780 656 feria
801 601 876 676 post
905 592 1020 656 festum
1043 592 1185 656 omnium
1196 601 1264 641 121⁷·

58 684 255 738 sanctorum
277 676 460 760 patriarcha
482 673 755 741 Ierosolimitanus
783 697 857 740 cum
877 697 996 761 magna
1017 675 1185 741 devotione
1194 659 1250 701 ΝΜ·
1262 660 1284 701 ⁸·

58 754 146 821 cleri
169 769 201 823 et
215 759 327 846 populi
342 759 454 825 tollens
469 760 596 826 vivifice
612 761 714 824 crucis
735 759 867 845 lignum,
889 760 1052 846 profectus
1074 769 1123 826 est
1144 761 1186 827 ab

56 841 162 905 Acon
183 844 217 906 in
238 852 344 908 castra
364 845 507 927 Domini,
535 867 598 931 que
626 847 690 908 iam
713 855 932 931 precesserant
952 844 1185 911 Recordanam.

58 925 142 990 Hoc
172 939 279 992 autem
307 926 401 994 dulce
428 927 551 1015 lignum
583 938 658 1015 post
683 928 817 993 Terram
846 928 997 994 Sanctam
1025 929 1186 1015 perditam

57 1022 253 1076 reverenter
274 1014 460 1099 repositum,
489 1013 658 1099 diligenter
685 1023 848 1078 servatum
869 1023 917 1079 est
938 1035 1040 1100 usque
1062 1014 1104 1078 ad
1125 1014 1185 1079 hec

57 1104 224 1181 tempora.
267 1097 445 1163 Inminente
473 1097 633 1184 siquidem
662 1097 813 1162 conflictu
835 1097 1083 1162 Sarracenorum
1111 1120 1184 1162 cum

58 1177 259 1264 christianis,
287 1184 510 1267 cogitaverunt
528 1182 702 1268 prudenter
722 1181 887 1246 christiani
907 1181 1032 1267 lignum
1053 1183 1086 1246 in
1106 1182 1185 1246 duas

57 1274 176 1349 partes
199 1265 341 1330 dividere
369 1279 401 1332 et
428 1277 552 1352 partem
579 1288 676 1330 unam
709 1266 751 1330 ad
781 1265 918 1352 prelium
951 1266 1085 1347 deferre,
1122 1287 1185 1351 que

58 1349 190 1414 ibidem
219 1350 345 1436 perdita
369 1351 439 1433 1011,
473 1363 505 1415 01
536 1360 660 1436 partem
682 1351 777 1414 aliam
810 1373 983 1433 reservare,
1016 1373 1078 1437 que
1100 1371 1186 1414 nuno

59 1435 254 1517 exhibetur3
278 1437 331 1499 oui
353 1459 412 1501 rex
433 1435 576 1520 Ungarie
607 1445 639 1499 et
663 1435 731 1499 dux
752 1436 882 1500 Austrie
912 1435 952 1500 de
973 1435 1045 1500 loco
1068 1443 1185 1499 castro-

58 1539 138 1581 rum
169 1521 332 1606 progressi
360 1520 455 1584 nudis
511 1519 624 1584 edibus
657 1531 869 1603 occurrentes,
906 1519 1084 1586 deosculati
1112 1528 1187 1584 sunt

60 1625 149 1686 eam,
173 1625 248 1666 eum
269 1602 326 1666 tali
349 1605 441 1689 siguo
463 1542 591 1669 odviam
613 1613 723 1668 euntes
744 1605 876 1668 soldano
895 1602 1070 1685 Babilonis,
1094 1605 1185 1668 cuius

59 1685 151 1752 filius
179 1687 357 1753 Ooradinus
389 1691 564 1754 iactaverat
591 1711 625 1753 se
652 1711 698 1774 pu
721 1699 871 1753 naturum
899 1709 973 1752 011111
1005 1688 1185 1752 christianis

61 1773 121 1857 qui
155 1772 249 1837 Acon
280 1773 407 1838 fuerant
439 1774 632 1858 congregati.
682 1711 760 1837 Ideo
784 1796 825 1838 ue
858 1772 1010 1838 ordinatis
1043 1771 1183 1856 aciebus,

61 1857 198 1920 obviam
220 1858 284 1943 ipsi
304 1859 520 2006 processimus
541 1879 600 2004 per
621 1856 751 1943 planum
796 1858 857 1922 abe
872 1879 976 1943 usque
998 1857 1040 1920 ad
1062 1857 1183 1921 fontem

60 1939 226 2024 Tubanie,
253 1951 388 2006 mutum
410 1943 521 2007 ea'die
554 1942 733 2023 aberantes,
761 1941 927 2028 premissis
949 1943 1052 2005 eciam
1075 1940 1184 2026 explo-

60 2026 237 2095 ratoribus,
280 2026 390 2090 Pulvis
419 2026 594 2092 ascendens
617 2024 753 2110 alonge
783 2026 1038 2091 adversariorum
1061 2034 1184 2089 motum

60 2109 248 2192 indicabat3
272 2113 327 2176 sed
350 2112 462 2177 incerti
482 2110 611 2188 fuimus,
627 2121 735 2175 utrum
756 2121 867 2175 contra
887 2131 946 2174 nos
968 2132 1010 2174 an
1031 2109 1183 2196 fugiendo

60 2205 287 2280 properarent.
331 2195 486 2282 Sequenti
505 2217 582 2260 vero
604 2194 656 2259 die
684 2215 774 2258 secus
796 2205 919 2260 montes
943 2193 1076 2273 Gelboe,
1103 2215 1183 2280 quos
1193 2229 1279 2270 Nm

60 2278 238 2343 habuimus
260 2279 302 2343 ad
324 2280 489 2345 dexteram
511 2289 542 2343 et
562 2278 713 2364 paludem
734 2278 776 2344 ad
797 2280 966 2360 sinistram,
988 2277 1183 2359 incedentes,

61 2366 215 2427 venimus
247 2363 447 2446 Betsaidam,
482 2363 540 2427 ubi
572 2372 676 2428 castra
707 2364 823 2428 fixerat
851 2364 1063 2428 adversarius.
1118 2362 1184 2428 Sed

61 2448 163 2510 trium
185 2470 308 2532 regum,
331 2449 473 2533 Ungarie
495 2447 656 2529 videlicet,
677 2447 924 2512 Ierosolimitani
945 2458 976 2513 et
997 2447 1097 2535 cipri,
1118 2469 1184 2511 non

63 2533 227 2596 sustinens
254 2534 456 2616 presentiam,
485 2532 610 2618 fugiens
639 2541 756 2596 terram
783 2531 964 2597 christianis
992 2530 1183 2597 vastandam

62 2615 205 2700 reliquit.
248 2617 343 2682 Unde
358 2618 527 2682 iordanem
548 2626 747 2682 transeuntes
769 2619 802 2681 in
817 2617 928 2702 vigilia
942 2618 1028 2684 beati
1042 2617 1182 2700 Martini,
1192 2634 1248 2674 Nov.
1261 2635 1296 2673 10-

64 2721 206 2785 corpora
225 2712 335 2766 nostra
356 2702 490 2800 pacifice
518 2699 664 2781 lavimus,
697 2710 729 2766 et
756 2703 938 2787 quievimus
958 2724 1017 2787 per
1037 2702 1181 2772 biduum,

63 2784 195 2849 Deinde
225 2807 316 2850 secus
347 2785 423 2851 lrtus
452 2786 549 2849 maris
580 2784 701 2851 Galilee
729 2795 794 2851 tres
826 2787 1008 2851 mansiones
1038 2786 1183 2867 fecimus,

62 2879 273 2954 peragrantes
295 2870 365 2934 loca
390 2872 424 2934 in
447 2869 563 2956 quibus
587 2870 733 2936 Salvator
760 2880 870 2935 noster
898 2878 1101 2935 conversatus
1124 2879 1182 2952 est,

64 2953 276 3039 asspicientes
298 2955 481 3020 Betsaidem
513 2955 674 3020 civitatem
696 2955 825 3020 Andree
855 2963 886 3018 et
907 2956 1004 3036 Petri,
1037 2964 1113 3018 tunc
1140 2953 1182 3018 ad

64 3035 173 3102 casale
208 3039 370 3104 modicum
412 3038 587 3103 redactum.
643 3039 872 3102 Demonstrata
908 3046 982 3102 sunt
1020 3036 1091 3102 loca
1125 3037 1183 3101 ubi

66 3120 216 3186 Christus
243 3123 417 3210 discipulos
445 3124 573 3187 vocavit
605 3131 636 3187 et
667 3143 765 3207 supra
796 3144 884 3186 mare
917 3123 1011 3186 siccis
1042 3121 1182 3208 pedibus

64 3205 251 3271 ambulavit.
287 3208 460 3272 Desertum
475 3207 679 3271 transivimus
694 3217 725 3271 01
739 3205 810 3270 1000
824 3205 880 3270 ubi
896 3206 1054 3270 Dominus
1070 3207 1182 3271 turbas

63 3293 157 3436 Eam
177 3301 208 3355 ct
230 3291 286 3356 ubi
308 3314 381 3355 cum
405 3289 569 3376 discipulis
589 3300 663 3376 post
677 3291 943 3356 resurrectionem
965 3290 1182 3355 manducavit.

94 3382 109 3436 t
137 3375 184 3438 sic
204 3397 263 3461 per
285 3375 523 3461 Caphamaum,
552 3376 586 3438 in
614 3376 764 3440 iumentis
791 3375 933 3439 infirmos
960 3386 1087 3439 nostros
1109 3397 1181 3462 por-

63 3467 179 3540 tantas,
200 3461 321 3524 reversi
343 3483 453 3524 sumus
475 3463 567 3524 Acon
590 3481 663 3522 cum
683 3458 784 3545 preda
806 3470 837 3524 et
859 3457 1059 3524 multitudine
1082 3461 1181 3544 capti-

65 3563 188 3610 vorum.
232 3543 414 3631 Episcopus
429 3555 536 3610 autem
551 3543 728 3608 Aconensis
749 3543 900 3630 parvulos
923 3543 1076 3628 captivos,
1100 3564 1181 3629 quos

64 3647 161 3723 prece
183 3626 234 3692 vel
254 3632 364 3714 precio
390 3630 495 3715 potuit
522 3629 674 3713 optinere,
706 3627 892 3714 baptizavit,
926 3639 957 3693 et
985 3627 1180 3694 distribuens

65 3722 148 3776 mter
169 3711 334 3798 religiosas
356 3713 499 3797 feminas,
521 3712 634 3778 litteris
655 3711 823 3799 applicuit.

150 3813 180 3878 2.
213 3816 251 3879 111
280 3817 420 3882 secundo
449 3817 593 3903 equitatu
620 3815 780 3879 adivimus
801 3824 943 3880 montem
964 3813 1102 3896 Thabor,
1123 3814 1181 3879 ubi

65 3897 169 3981 primo
191 3922 347 3986 aquarum
369 3902 521 3986 inopiam,
536 3899 741 3985 postmodum
756 3899 988 3985 permodicam
1007 3899 1181 3963 fossionem

65 3982 274 4066 invenientes,
290 3987 416 4072 copiam
431 3984 540 4070 pabuli
556 3995 587 4049 et
601 3983 789 4048 victualium
803 3982 1055 4048 habundantiam
1070 3982 1180 4048 habui-

65 4087 145 4150 mus,
177 4068 286 4155 ibique
310 4069 522 4134 Sarracenum
544 4068 745 4154 impuberem
774 4067 816 4131 ad
842 4091 901 4132 nos
930 4066 1176 4132 descendentem

66 4149 311 4236 baptizavimus.
354 4155 453 4219 Porro
474 4155 580 4240 prima
601 4153 762 4217 dominica
783 4150 938 4216 adventus
959 4151 1091 4216 Domini
1118 4174 1177 4238 per
1185 4174 1235 4214 aa.
1244 4175 1265 4215 a

66 4234 174 4299 tubam
205 4237 389 4324 euangelica
417 4238 576 4304 lectionis:
612 4239 658 4301 Ite
684 4241 721 4303 in
751 4236 917 4301 castellum
944 4238 1032 4335 quod
1061 4247 1175 4303 contro
1185 4261 1333 4315 1001101.

67 4343 120 4385 000
143 4332 197 4404 est,
219 4321 376 4408 gloriosus
405 4345 555 4390 ascensor
583 4321 700 4386 montis
722 4320 865 4386 eiusdem
886 4321 1033 4386 iuv1tavit
1052 4344 1110 4386 nos
1133 4322 1175 4387 ad

67 4401 223 4489 laborem,
250 4410 407 4493 precessit
433 4404 613 4494 patriarcha
639 4427 712 4470 cum
740 4403 859 4471 vexillo
882 4407 995 4489 crucis,
1017 4407 1176 4492 episcopis
