2924 5006
278 412 332 462 220
363 409 551 463 GHRONICA
563 409 677 462 uuam
690 407 943 460 coLonlnusls.
964 407 1066 471 (ΣΟΠΤ.
1077 408 1129 459 111.
1149 409 1183 461 A.
1195 406 1274 460 1204.
1286 405 1362 458 1205.

656 581 821 634 Reccaeio
841 581 867 633 I.
887 582 980 634 codd.
1002 581 1030 632 C.

279 695 354 737 cum
390 673 456 737 suis
493 667 613 751 habito,
650 678 686 734 ut
720 669 884 754 principes
917 689 1008 731 suam
1046 667 1181 734 liberam
1213 671 1399 740 electionem

279 757 454 821 secundum
477 754 677 840 antiquitatis
699 753 881 817 institutum
894 774 959 816 non
973 752 1120 838 perdant,
1141 754 1268 839 regium
1282 779 1399 825 nomen

280 850 313 906 et
335 861 485 906 coronam
514 838 647 924 deponit
674 847 706 902 et
736 846 773 900 ut
805 837 1007 901 concorditer
1027 836 1069 901 ab
1092 839 1240 903 omnibns
1263 839 1401 927 eligatur

279 933 439 1074 ppecatur.
491 922 588 1004 Quod
610 921 802 986 erfastum
829 931 878 986 est
903 920 1026 985 ibidem
1057 923 1092 985 in
1123 921 1259 988 ecclesia
1287 925 1401 992 beatae

315 1011 420 1091 ariae3
450 1008 491 1073 ab
521 1006 670 1072 omnibus
692 1005 822 1091 eligitur
848 1017 881 1069 et
901 1025 921 1068 a
943 1004 1129 1071 Coloniensi
1156 1007 1356 1096 archiepisco
1381 1034 1401 1076 o

280 1117 355 1159 cum
387 1093 501 1174 Maria,
538 1113 640 1156 uxore
676 1104 766 1172 sua1,
801 1091 932 1175 ungitur
963 1099 995 1156 et
1027 1102 1241 1173 consecratur,
1280 1035 1402 1161 sifrido

279 1179 470 1264 Mogrmtino
500 1185 533 1241 et
561 1174 787 1241 Cameracensi
820 1174 997 1260 episcopo²
1033 1175 1155 1239 eisdem
1183 1175 1298 1243 diebus
1329 1202 1403 1244 cum

279 1262 393 1328 litteris
414 1282 519 1347 papae
542 1258 695 1325 Coloniae
718 1258 929 1323 existentibus
952 1259 1004 1323 etl
1025 1280 1084 1344 pro
1105 1258 1166 1323 bac
1186 1261 1308 1327 iniusta
1330 1286 1403 1328 con-

281 1347 459 1410 secratione
481 1344 846 1409 excommunicationem
869 1343 899 1406 ei
912 1343 1152 1424 intentantibus,
1169 1344 1289 1412 Ottone
1304 1350 1403 1413 etiam

279 1453 356 1515 rege
377 1429 510 1514 langore
538 1426 657 1493 ibidem
685 1426 815 1491 detento
841 1436 874 1491 et
902 1428 1046 1490 omnium
1074 1427 1195 1493 auxilio
1229 1439 1262 1494 et
1288 1432 1403 1498 solatio

281 1514 444 1579 destituto.

646 1594 742 1658 Anno
763 1593 919 1657 Domini⁰
944 1595 1034 1660 1205.

171 1703 217 1743 mr
233 1703 270 1744 ra.
367 1681 464 1748 Circa
503 1681 724 1745 ascensionem
757 1678 891 1742 Domini
929 1680 1045 1764 prefati
1081 1681 1226 1767 episcopi
1269 1705 1290 1746 a
1327 1683 1404 1748 sede

280 1764 458 1852 apostolica
483 1764 605 1828 iudices
635 1763 798 1827 constituti
830 1763 946 1827 iterum
976 1763 1144 1830 Coloniam
1177 1777 1337 1832 venerunt
1372 1778 1405 1834 et

277 1851 335 1915 ind
372 1850 487 1914 maiori
518 1847 655 1913 ecclesia
686 1846 772 1912 beati
801 1846 889 1911 Petri
922 1847 1059 1932 apostoli
1091 1870 1200 1912 coram
1230 1849 1337 1916 cleroe
1371 1862 1405 1916 et

278 1933 428 1999 universo
461 1931 581 2020 populo
614 1930 750 1996 eundem
781 1930 933 1994 Adolfum
962 1933 1150 2017 episcopum
1178 1938 1403 2000 excommuni-

280 2029 386 2084 catum
408 2039 428 2081 a
449 2039 535 2105 papa
562 2017 861 2102 pronuntiaverunt,
888 2027 920 2080 et
945 2039 1005 2102 per
1035 2039 1144 2080 omnes
1172 2020 1403 2086 conventuales

279 2103 431 2168 ecclesias
447 2111 479 2166 et
516 2101 679 2164 arrocbias
702 2101 854 2181 civitatis,
876 2110 913 2164 ut
933 2123 991 2186 per
1006 2100 1169 2186 singulos‘
1189 2101 1402 2170 dominicales

280 2197 312 2252 et
347 2209 454 2250 saeros
491 2123 560 2249 dies
604 2184 952 2266 excommunicaretur,
994 2185 1171 2271 apostolica
1210 2191 1403 2254 auctoritate

279 2271 420 2336 districte
442 2280 671 2356 preceperunt3
704 2267 766 2331 boc
795 2269 891 2333 etiam
920 2269 954 2332 in
980 2268 1131 2334 mandato
1158 2270 1322 2354 habentes,
1357 2285 1404 2355 ut,

280 2357 307 2419 si
329 2355 413 2419 infra
439 2375 581 2418 mensem
609 2362 683 2438 post
709 2352 980 2416 denuntiationem
1009 2353 1092 2417 sibit
1117 2354 1239 2436 factam¹
1262 2357 1403 2421 Romam

279 2439 321 2503 ad
344 2439 591 2504 satisfactionem
614 2460 647 2501 se
662 2459 727 2500 non
742 2436 908 2518 conferret,
932 2438 1039 2500 omni¹¹
1061 2436 1216 2503 beneficio
1240 2450 1271 2504 et
1294 2442 1403 2506 officio

281 2523 506 2588 destitueretur
528 2531 560 2585 et
581 2521 663 2584 alius
685 2520 801 2605 dignus
823 2522 856 2583 in
879 2519 949 2584 loco
972 2521 1041 2585 eius
1064 2521 1243 2606 eligeretur.

365 2606 513 2671 Castrum
560 2605 622 2669 uod
646 2605 764 2670 dicitur
785 2605 947 2668 Hostadin
970 2627 990 2666 a
1011 2627 1088 2690 rege
1111 2605 1229 2671 Ottone
1251 2618 1284 2672 et
1306 2607 1403 2674 Colo-

279 2691 445 2754 niensibus
468 2628 643 2770 obsidetur,
656 2689 713 2754 sed
728 2689 895 2754 obsidibus
910 2688 993 2753 datis
1008 2690 1165 2755 intactum
1179 2690 1371 2777 relinquitur
1378 2705 1403 2756 θ.

634 2833 804 2886 Recenaio
823 2833 866 2885 II.
886 2835 979 2886 codd.
999 2835 1033 2886 B.

601 2921 645 2984 8st
681 2923 776 2983 Anno
805 2919 939 2983 Domini
963 2921 1071 2986 12οῖ).ἰ

366 3011 487 3076 Syfridus
507 3011 701 3076 Mogontiensis
727 3011 945 3076 archiepiscopus
972 3017 999 3061 et
1024 3011 1226 3062 Cameracensis
1251 3015 1363 3065 antistes
1385 3031 1403 3064 0

280 3083 345 3135 sede
374 3085 523 3150 apostolica
545 3085 650 3135 iudices
676 3086 812 3136 constituti
833 3080 996 3134 coloniamk
1022 3091 1152 3135 venerunt
1176 3091 1202 3134 et
1225 3086 1253 3134 in
1280 3087 1403 3138 ecclesia

279 3157 354 3208 beati
373 3159 445 3208 Petri
465 3159 580 3225 apostoli
601 3173 689 3208 coram
711 3158 782 3208 clero
803 3163 829 3207 et
848 3159 972 3208 universo
987 3159 1086 3224 populo
1099 3157 1225 3208 Adolfum
1240 3161 1400 3228 episcopum

280 3232 538 3282 excommunicatum
559 3248 576 3281 a
594 3247 664 3297 papa
690 3232 941 3297 pronunciaverunt,
970 3239 997 3282 et
1021 3249 1070 3298 per
1094 3247 1185 3282 omnes
1206 3235 1402 3286 conventuales

281 3305 412 3356 ecclesias
433 3315 460 3355 et
478 3306 634 3371 parrochias
655 3305 780 3366 civitatis,
800 3309 830 3355 ut
848 3321 897 3371 per
916 3305 1036 3370 singulos
1057 3305 1233 3356 dominicales
1255 3313 1281 3356 et
1306 3323 1402 3359 sacros

280 3377 337 3448 dies
358 3381 640 3438 excommunicaretur,
666 3383 853 3444 preceperunt;
882 3378 933 3427 boc
958 3381 1038 3428 etiarn
1063 3379 1091 3428 in
1110 3378 1237 3429 mandato
1256 3380 1400 3445 habentes,

280 3457 317 3513 ut,
337 3455 359 3504 si
379 3451 448 3501 infra
474 3469 592 3503 mensem
618 3458 680 3517 post
705 3451 997 3502 denominationem
1024 3452 1076 3502 eibi
1103 3452 1202 3502 factam
1222 3453 1335 3504 Romam
1364 3455 1400 3506 ad

279 3526 489 3576 satisfactionem
515 3543 544 3577 se
569 3541 623 3574 non
650 3525 789 3594 conferret,
815 3523 899 3574 offitio
920 3533 947 3574 et
966 3527 1037 3575 omni
1056 3523 1187 3575 beneficio
1209 3526 1402 3580 destitueretur

279 3594 320 3648 etl
340 3600 407 3649 alius
422 3598 517 3663 dignus
536 3601 563 3648 in
582 3597 642 3647 loco
657 3599 714 3648 eius
728 3598 940 3648 constitueretur,
980 3597 1143 3664 [Castrumm
1155 3599 1277 3649 Hostade
1297 3615 1314 3649 a
1332 3617 1400 3666 rege

279 3672 379 3722 Ottone
399 3678 426 3722 et
445 3671 649 3722 coloniensibus
675 3671 821 3736 obsidetur,
847 3671 895 3722 sed
915 3673 1053 3723 obsidibus
1080 3672 1149 3722 datis
1168 3674 1297 3722 intactum
1317 3674 1400 3726 relin-

280 3745 385 3810 quiturl.

278 3901 302 3946 al
318 3902 373 3941 deest
389 3901 431 3940 00.
491 3899 515 3952 0)
532 3904 555 3940 et
571 3922 597 3932 -
614 3901 782 3941 intentantibus
798 3902 840 3942 des.
857 3901 901 3944 02.
975 3899 997 3954 c)
1013 3901 1040 3942 Α.
1058 3903 1173 3942 dominice
1190 3903 1399 3952 1200000000

279 3961 385 4002 Castrum
401 3961 442 4001 02.
518 3959 542 4010 d)
559 3960 614 3999 decet
629 3960 671 4001 02.
747 3959 770 4012 e)
787 3960 959 4002 0000101002.
1034 3959 1165 4010 Oangulos
1185 3962 1227 4001 01.
1304 3959 1328 4010 g)
1343 3973 1364 4002 s.
1380 3963 1398 4006 f.

277 4021 320 4060 des.
339 4019 379 4060 02.
440 4016 933 4072 1001011002.--1)9.1006.0000.8,
951 4020 1082 4062 120001.
1142 4019 1167 4070 ir)
1183 4021 1208 4059 in
1224 4019 1324 4061 Colonia
1338 4032 1399 4064 corr.

278 4079 399 4119 Coloniam
415 4078 465 4120 Bt.
512 4080 530 4134 l)
547 4082 570 4118 et
590 4079 650 4118 alius
668 4101 694 4109 -
711 4080 890 4119 constitueretur
905 4081 948 4120 dee.
965 4081 1014 4120 Bt.
1031 4079 1070 4120 Fr.
1124 4076 1156 4130 tn)
1172 4078 1278 4120 Castrum
1294 4080 1399 4120 Hostade

279 4158 305 4168 -
329 4137 469 4186 relinquitur
491 4139 575 4186 000000,
599 4149 643 4186 qua
665 4137 787 4188 superiora,
811 4149 876 4177 manu
899 4150 956 4184 saec.
978 4139 1044 4178 XIII.
1064 4139 1088 4177 tu
1109 4149 1178 4188 werp.
1201 4139 1251 4180 add.
1275 4138 1330 4188 1313
1358 4141 1397 4179 100

277 4197 325 4236 loco
340 4197 418 4235 exuitor
434 4197 454 4235 Β
463 4197 483 4236 2.

280 4338 308 4406 1)
332 4338 406 4401 Quae
425 4347 506 4390 autea
524 4340 603 4392 Irene
618 4339 691 4391 dicta
709 4348 773 4391 erat.
814 4338 842 4406 2)
860 4339 992 4393 Iohanne.
1031 4339 1061 4408 3)
1088 4341 1116 4395 V.
1138 4337 1209 4391 Coat.
1228 4339 1270 4403 II,
1286 4357 1317 4404 p.
1334 4341 1395 4404 175,

278 4431 332 4480 qua
352 4420 413 4464 teate
433 4411 494 4464 Iun.
515 4414 558 4466 10.
578 4420 693 4464 castrum
712 4421 893 4480 eapuyuatum
912 4422 956 4466 est.
