2970 4996
208 384 398 438 cnaoulca
416 384 529 437 acela
550 385 793 439 complausis
813 388 846 438 Δ.
867 388 948 440 1162,
969 389 1049 440 1153.
1161 389 1200 438 89

447 558 610 612 Bacenaio
630 560 656 611 Ι.
677 560 774 613 codd.
792 559 826 614 Α.

75 635 188 686 siniti¹
206 633 388 684 Friderici
406 635 508 699 regis.

154 700 259 784 Igitur
285 710 359 787 post
386 710 522 764 mortem
552 699 716 764 Ouonradi
747 703 832 787 regis
859 700 994 767 celebris
1023 712 1200 768 conventus

100 785 262 870 rincipum
292 795 325 850 et
351 787 579 871 episcoporum
609 783 697 870 apud
725 783 952 850 Frankenvort
984 785 1112 852 habitus
1140 796 1198 855 est

75 807 129 935 ibi
152 891 278 934 summo
298 869 409 933 favore
431 877 616 933 cunctorum
638 868 802 955 predictus
824 869 1006 935 Fridericus
1031 869 1099 936 dux
1121 868 1199 935 Sue-

75 954 150 1018 viae
171 955 206 1016 in
226 975 261 1017 re
285 976 337 1020 em
363 952 522 1038 eligitur*,
549 954 761 1040 regnavitque
793 955 844 1018 91.
870 951 941 1018 loco
969 955 1011 1020 ab
1038 956 1198 1038 Augusto,

77 1059 164 1101 anno
179 1036 221 1100 ab
276 1038 332 1102 rbe
354 1037 484 1101 condita
507 1036 621 1102 1903t.
654 1036 722 1101 Nec
744 1059 835 1102 mora
855 1039 890 1102 in
911 1037 1072 1104 dominica
1081 1039 1198 1104 Latara

78 1121 269 1202 Ierusalem,
294 1143 377 1209 quae
409 1122 440 1186 6.
461 1121 539 1186 Idus
559 1121 688 1186 Martii¹
710 1119 869 1204 illuxerat,
891 1133 1006 1187 unctus
1026 1131 1076 1188 est
1095 1127 1130 1189 in
1150 1132 1275 1188 re-ffcrt·
1287 1133 1327 1174 ¹⁰·

101 1229 152 1270 em
174 1205 373 1291 Aquisgrani
393 1205 435 1270 ab
457 1203 601 1269 Arnoldo
623 1203 806 1270 Coloniensi
828 1207 1080 1295 archiepiscopo.
1123 1207 1200 1294 Ipsa

77 1228 132 1354 die
154 1300 358 1354 consecratus
379 1300 427 1355 est
448 1289 494 1353 ibi
516 1288 700 1354 Fridericus
714 1290 995 1356 Monasteriensisc
1017 1293 1199 1378 episcopus.

456 1375 551 1438 Anno
573 1373 706 1438 Domini
730 1375 821 1438 1153.

156 1456 328 1523 Heinricus
339 1457 545 1543 Mogontinus
556 1457 818 1605 archiepiscopus
830 1459 984 1524 instinctu
995 1470 1028 1526 et
1037 1459 1201 1526 voluntate

75 1541 163 1626 regis
186 1542 349 1627 depositus
372 1553 420 1607 est
441 1565 461 1606 a
482 1541 608 1607 duobus
636 1542 766 1606 cardina
780 1543 850 1608 ‘bus
879 1544 1036 1628 Gregorio
1064 1555 1096 1610 et
1123 1545 1201 1610 Ber·

144 1631 173 1699 *)
193 1633 251 1684 aa.
272 1633 348 1683 add:
377 1650 474 1699 quem
508 1635 547 1684 de
567 1649 668 1684 sacro
697 1633 796 1684 fonte
826 1634 1013 1686 levaverat
1038 1634 1199 1688 dominus

192 1707 279 1758 Otto
305 1706 551 1758 nobilissimus
578 1705 749 1772 quondam
779 1723 889 1758 comes
916 1708 954 1757 dc
979 1707 1202 1774 Capcnbcrg,

190 1779 249 1830 sed
268 1786 391 1846 postea
410 1780 541 1830 ibidem
560 1779 756 1845 religiosus
775 1783 990 1846 prepositus.

422 1907 591 1960 Berensio
611 1908 653 1962 ΙΙ.
673 1910 767 1963 codd.
786 1909 821 1960 B.
843 1906 870 1959 0.

76 1985 105 2030 et
125 1982 312 2051 episcoporum
331 1983 403 2048 apud
416 1982 602 2034 Fraukenvort
621 1984 727 2036 habitus
747 1989 796 2034 est
824 1983 868 2033 Ibi
887 1997 990 2034 summo
1007 1983 1099 2034 favore
1119 1999 1205 2034 cunc-

76 2058 164 2105 torum
185 2054 321 2118 predictus
340 2055 494 2106 Fridericus
514 2056 566 2106 dux
587 2057 702 2107 Sueviae
720 2059 749 2106 in
767 2073 858 2123 regem
879 2050 1017 2126 cligiturd.

158 2120 256 2208 [Sede
278 2119 353 2185 licet
373 2120 514 2185 favorem
538 2123 710 2188 multorum
733 2123 873 2205 haberet7
895 2123 1055 2187 Henricus
1078 2123 1201 2207 episco-

78 2227 143 2290 pus
170 2205 404 2289 Maguntiensis
426 2207 670 2272 unanimitatem
692 2206 892 2294 quorundam
919 2209 1005 2273 circa
1026 2209 1132 2292 ipsum
1154 2208 1201 2270 in-

77 2289 233 2353 vectivisf
277 2288 447 2354 uibusdam
478 2289 674 2358 debilitaret
698 2302 831 2357 conatus
852 2302 910 2373 est,
933 2313 1088 2372 asserens,
1112 2290 1200 2376 quod

77 2371 165 2438 fastu
187 2311 326 2458 quodam
346 2372 497 2438 inductus
519 2376 603 2439 inter
633 2373 864 2440 consecretales
893 2397 967 2440 suos
995 2376 1200 2439 concionatus

79 2456 186 2538 firerit,
209 2457 285 2542 quia
305 2479 440 2542 regnum
462 2458 636 2544 adepturus
657 2469 740 2525 esset
766 2459 948 2525 nolentibus
975 2459 1123 2524 omnibus
1146 2461 1203 2606 spui

79 2540 290 2606 adfuissenth.
344 2543 445 2607 Cuius
469 2543 656 2608 obiectionis
683 2543 803 2608 malum
828 2543 1086 2630 archiepiscopus
1110 2541 1156 2606 Co
1169 2565 1202 2607 0-

79 2625 202 2690 niensis
211 2627 378 2712 mitigavit,
389 2650 499 2713 regem
510 2627 550 2692 ab
562 2629 833 2714 intemptamentis
848 2649 1004 2693 excrrsans
1016 2637 1048 2692 ct
1058 2627 1203 2713 episcopi

80 2708 232 2774 molimen
254 2709 436 2797 anullans³].

81 2796 196 2850 Anni¹¹
214 2801 391 2853 Friderici
411 2804 648 2870 imperatoris.

308 2868 404 2933 Anno
426 2869 606 2934 dominicae
627 2871 855 2934 incarnationis
879 2869 970 2951 1152,

80 2965 115 3014 ab
136 2965 211 3016 Urbe
233 2970 322 3016 autem
350 2955 471 3018 condita¹
496 2967 606 3030 1903m,
636 2955 728 3017 annis
749 2953 791 3017 ab
814 2954 937 3039 origine
959 2952 1070 3017 mundi
1085 2951 1203 3034 630311,

79 3048 233 3099 Fridericus
248 3050 310 3113 dux,
326 3036 410 3102 filius
425 3039 591 3121 Friderici,
606 3037 712 3102 fratris
728 3036 869 3102 Ounradi
884 3038 980 3122 regis,
995 3037 1036 3101 ab
1052 3035 1202 3101 omnibus

79 3135 108 3182 in
142 3149 236 3198 regern
264 3133 380 3198 electus,
404 3139 449 3185 91.
479 3135 537 3186 loco
566 3136 600 3185 ab
629 3135 752 3201 Augusto
774 3149 887 3200 regnare
917 3134 1052 3198 coepit,
1075 3138 1202 3198 postea

80 3211 114 3262 ab
133 3210 276 3263 Amoldo⁰
297 3211 450 3264 Coloniensi
477 3214 682 3283 archiepiscopo
701 3218 797 3264 unctus
816 3213 900 3278 Aquis
934 3213 978 3262 ani
1006 3211 1157 3276 palacio.

156 3277 307 3342 Domnus
317 3279 481 3344 Arnoldus
492 3280 629 3344 Romam
673 3279 905 3360 reficiscens,a
950 3275 1125 3364 apotolico
1136 3276 1202 3339 Eu-

76 3363 175 3446 genio
198 3363 413 3447 ordinemne
440 3386 503 3451 quo
526 3365 621 3428 etiam
647 3301 819 3428 donorifice
846 3373 1001 3449 acceptor
1029 3359 1125 3447 pallio
1153 3383 1205 3424 re-

78 3447 208 3529 missus,
240 3449 346 3533 coepit
366 3469 480 3533 pacem
508 3449 562 3513 diu
584 3446 765 3533 neglectam
787 3456 853 3512 toto
886 3447 991 3512 studio
1017 3445 1200 3526 reformare,

77 3530 238 3616 predones
261 3532 379 3597 severis
401 3531 526 3618 legibus
557 3544 589 3598 et
614 3531 741 3596 iudiciis
770 3553 888 3615 arcere,
919 3529 1060 3617 presidia
1089 3550 1200 3593 eorum

78 3623 240 3698 evertere3
268 3616 351 3681 inter
403 3638 462 3679 uae
498 3616 624 3700 Seine²‚
645 3616 854 3680 fortissimum
876 3613 1051 3701 presidium
1074 3612 1204 3677 comitis

77 3698 288 3782 Everhardia,
312 3637 489 3766 comiursit
510 3712 542 3766 et
563 3700 630 3766 solo
653 3700 851 3786 coaequavit.

425 3786 474 3850 2]
495 3784 590 3849 Anno
612 3784 746 3848 Domini
770 3784 861 3847 1153,

156 3867 308 3966 Eclypsis
329 3866 405 3933 solis
426 3869 511 3932 lacta
539 3878 587 3933 est
610 3870 638 3933 7.
661 3866 734 3932 Kal.
756 3866 851 3935 Febr.

155 3957 172 3992 '¹‘
194 3953 367 4017 Heinricus
389 3953 596 4036 Mogontinus
618 3952 900 4039 archiepiscopus⁸
923 3949 1088 4034 depositus
1110 3957 1159 4014 est
1180 3970 1204 4011 a

78 4078 101 4132 a)
115 4081 158 4120 du.
175 4080 225 4120 ΑΞ.
285 4078 309 4132 b)
325 4080 350 4120 in
364 4081 410 4120 loco
425 4090 478 4120 raso
494 4079 542 4131 Aa
559 4079 623 4121 19⁰4.
640 4079 688 4120 ΔΞ.
748 4077 769 4131 c)
785 4078 916 4119 Fridericur
933 4104 1045 4120 ........
1055 4076 1126 4117 tanate
1141 4086 1203 4115 corr.

78 4139 198 4180 Arnoldus
214 4141 363 4180 coloniensis
379 4140 427 4181 Al.
473 4153 503 4174 =
549 4138 573 4190 d)
598 4140 618 4181 b.
639 4137 652 4180 1.
669 4139 768 4189 seqnitur
790 4139 860 4188 imavo
883 4135 991 4176 Friderici
1011 4136 1031 4174 1.
1047 4136 1072 4175 ia
1092 4135 1138 4176 cod.
1156 4134 1198 4174 01.

79 4197 101 4250 c)
117 4201 170 4240 baec
191 4200 234 4241 dee.
257 4200 304 4242 Bl.
320 4199 361 4239 02,
437 4196 595 4250 oinvtcttvts
619 4197 662 4239 01.
738 4196 761 4246 g)
778 4197 896 4238 debilitate
913 4195 955 4236 01.
1030 4191 1055 4246 h)
1071 4204 1085 4233 a
1100 4194 1201 4235 tuissent

80 4259 123 4300 01.
184 4257 203 4310 i)
220 4259 318 4299 emulans
335 4257 377 4297 01.
438 4256 531 4308 ntea
545 4259 621 4297 arsam
637 4255 679 4297 02.
741 4257 759 4303 1)
775 4256 894 4296 deectBl.
960 4251 1198 4305 m)19(¹t.Bt.Oi.

80 4316 227 4371 moestitia
242 4319 288 4358 loco
303 4328 356 4357 roro
371 4317 425 4367 1313
446 4317 505 4357 6104
521 4315 563 4356 Cr,
624 4314 647 4368 o)
663 4315 767 4356 arnoldo
784 4315 827 4356 02.
865 4312 890 4366 p)
905 4316 1013 4363 suscepto
1030 4311 1074 4352 08.
1113 4309 1137 4364 q)
1152 4312 1203 4352 Eu*

81 4375 376 4425 hard101311uh’d102.
427 4373 447 4428 r)
463 4376 518 4415 deest
535 4375 578 4417 01.
639 4373 660 4427 ι)
676 4375 799 4425 episcopus
816 4373 857 4414 01.

2 4459 3 4466 ¹
80 4487 109 4557 1)
128 4488 271 4542 Domiaa'ca
283 4490 398 4542 Laetare
412 4507 437 4542 a.
454 4490 534 4542 1152.
548 4491 573 4541 7.
593 4488 661 4541 Idas
680 4486 776 4538 Martii
786 4486 853 4553 fait.
922 4479 1202 4552 2)procheuwied.
