2944 5002
156 402 303 453 OLIVERI
321 402 477 454 RELATIO
497 403 548 452 DE
567 401 814 453 EXPEDITIONE
834 399 1046 450 DAMIATINA.
1120 399 1175 449 333

47 573 231 626 Gaudeamus
249 591 336 626 omncs
354 573 384 625 in
406 574 529 634 Domino,
548 576 685 626 nunctiata
703 580 764 625 sunt
783 575 834 624 hec
852 575 919 639 regi,
947 573 1039 640 legato
1059 579 1086 625 et
1104 573 1175 626 aliis.

45 650 182 716 Egyptiis
207 651 299 715 itaque
322 649 495 713 fugientibus,
521 650 605 698 nostri
631 649 752 698 certatim
780 654 807 698 et
825 647 950 699 alacriter
975 650 1076 714 absque
1102 650 1175 699 omni

47 723 242 789 inpedimento
268 725 385 773 hostium
417 728 444 772 et
472 723 611 787 sanguinis
644 724 759 788 inpensa
789 722 958 772 transierunt.
1004 721 1080 772 Seda
1105 721 1174 773 tideo

46 795 154 847 limosa
174 802 201 846 et
213 796 428 862 profundioribus
441 795 509 846 locis
524 794 642 846 difficilis
660 796 711 846 fuit
724 795 759 844 ad
772 795 963 862 applicandum
978 801 1049 846 terra
1061 795 1174 858 hostilis,

47 875 83 920 ut
104 872 152 920 vix
171 871 234 934 eqni
259 870 316 920 sine
337 870 485 920 sessoribus
506 875 533 920 et
555 869 629 920 sellis
650 863 749 920 ereutii
770 874 881 935 possent
899 869 1056 920 ascendere.
1093 869 1173 920 Tem·

45 943 137 1010 plarii
155 943 287 1009 preduces
312 945 341 993 in
366 958 480 994 ascensu
499 959 635 1008 equorum,
661 944 758 993 erectis
782 943 875 1006 signis,
901 959 1013 1008 propero
1040 958 1118 992 cursu
1138 941 1173 992 ad

47 1018 193 1067 civitatem
212 1017 414 1079 festinaverunt,
434 1021 583 1068 sternentes
601 1018 697 1082 impios
717 1017 763 1081 qui
782 1017 836 1066 de⁰
852 1017 935 1081 portis
949 1017 1050 1081 egressi
1063 1018 1172 1066 venien·

49 1091 129 1141 tibus
156 1090 338 1142 obviaverunt.
377 1091 437 1140 Non
456 1090 625 1156 ‘gloriabitur
644 1091 745 1140 securis
766 1095 858 1139 contra
883 1104 952 1152 eum,
978 1090 1025 1154 qui
1047 1095 1122 1140 secat
1145 1091 1173 1139 in
1183 1092 1220 1133 Ea·
1231 1093 1266 1144 1⁰9
1277 1091 1311 1133 ¹⁵·

47 1179 96 1226 ea,
117 1170 212 1229 'neque
236 1180 310 1215 serra
336 1170 429 1215 eontra
450 1179 510 1214 enm
535 1165 581 1224 qui
605 1165 688 1214 trahit
710 1165 739 1212 in
763 1162 811 1212 ea'.
849 1162 1008 1212 Miraculum
1033 1163 1105 1214 istud
1130 1163 1174 1213 cui

47 1238 273 1304 equiparabimus
292 1239 343 1288 nisi
361 1237 471 1304 siquod
491 1236 590 1302 legitur
609 1236 643 1287 de
657 1235 804 1287 Bennadab
820 1251 884 1302 rege
899 1237 983 1300 Syrie,
1003 1238 1049 1302 qui
1069 1235 1175 1287 obsedit
1184 1246 1205 1286 t.
1214 1244 1311 1296 Beato.

48 1310 206 1362 Samariam
226 1318 314 1362 artans
335 1311 563 1377 cumplurimum,
584 1312 626 1360 cui
644 1310 776 1360 Dominus
795 1314 898 1359 tantum
916 1311 1018 1360 inmisit
1036 1317 1172 1372 terrorem,

47 1390 81 1435 ut
102 1383 206 1435 relictis
227 1386 319 1436 castris
338 1385 461 1450 fugeret?
499 1385 535 1435 Et
554 1385 624 1435 sicut
642 1400 691 1450 per
709 1382 837 1449 leprosos,
858 1383 903 1448 qui
923 1390 998 1433 erant
1016 1385 1045 1433 in
1063 1385 1173 1433 introitu

48 1463 143 1525 porte,
166 1457 215 1507 illa
232 1459 297 1524 luga
317 1458 434 1508 Sirorum
459 1459 599 1508 nunctiata
621 1457 673 1507 fuit
690 1457 875 1517 Samaritanis,
900 1458 939 1506 ita
964 1472 1013 1523 per
1037 1457 1172 1523 leprosum

48 1532 79 1580 in
100 1533 201 1594 anima,
220 1533 351 1598 prefatum
370 1531 500 1582 videlicet
513 1536 672 1597 apostatam,
684 1520 833 1581 'nunctiata
847 1530 898 1579 fuit
910 1531 1085 1595 Egyptiorum
1099 1530 1173 1595 fuga.

48 1605 89 1655 Et
109 1606 182 1656 sicut
205 1605 251 1654 ille
271 1604 385 1672 populus
405 1605 633 1656 Samaritanorum
651 1602 739 1670 spolia
764 1606 793 1653 in
819 1605 913 1654 castris
933 1604 1058 1668 Syrorum
1077 1603 1174 1654 relicta

50 1677 179 1743 collegit,
205 1681 244 1730 sic
264 1685 355 1730 noster
374 1679 506 1728 exercitus
525 1678 641 1728 tentoria
661 1684 688 1728 et
705 1677 847 1727 manubias
871 1677 1033 1742 fugientium
1054 1677 1171 1743 diripuit,

48 1757 166 1818 targyas
185 1752 313 1818 plurimos
338 1758 365 1802 et
390 1768 482 1802 omnes
502 1745 667 1816 [galeidasd]
689 1767 748 1801 cum
772 1751 891 1801 barbotis
918 1755 945 1801 et
969 1749 1030 1800 aliis
1049 1751 1172 1812 navibus,

51 1842 108 1891 que
130 1825 199 1875 infra
218 1825 308 1877 casale
327 1841 413 1891 usque
439 1825 474 1876 ad
500 1827 637 1876 civitatem
660 1824 876 1887 inveniebantur,
906 1839 966 1874 cum
993 1823 1053 1874 aliis
1078 1823 1172 1889 spoliis

48 1901 174 1950 victores
198 1905 405 1965 occupaverunt.
443 1899 523 1949 Multi
545 1898 691 1949 bellatores
717 1897 818 1948 relictis
843 1897 971 1947 uxoribus
997 1912 1029 1947 ac
1054 1895 1172 1962 parvulis

49 1977 185 2040 propter⁰
210 1975 376 2039 inopinatum
395 1974 536 2023 transitum
554 1973 679 2036 fugerunt
698 1971 732 2021 de
751 1971 887 2030 Damiata,
914 1976 942 2020 et
959 1971 999 2022 sic
1018 1985 1067 2036 per
1085 1971 1172 2036 girum

49 2045 167 2096 firmiter
186 2047 296 2098 obsessa
315 2051 357 2098 est
375 2047 479 2097 civitas.
521 2039 591 2096 Perr
614 2045 746 2096 desidiam
766 2049 854 2094 autem
881 2049 908 2094 et
931 2044 1055 2094 inertiam
1082 2060 1172 2094 eorum

50 2135 168 2186 qnorum
187 2121 296 2171 nomina
313 2121 388 2170 Deus
412 2121 464 2170 scit
488 2120 588 2170 factum
614 2125 663 2180 est,
690 2124 719 2169 ut
743 2118 833 2168 hostes
856 2119 999 2184 resumptis
1018 2117 1118 2168 viribus
1145 2123 1173 2167 et

50 2194 163 2255 animis,
182 2193 345 2246 adveniente
365 2194 447 2243 etiam
468 2193 601 2244 Ooradiuo
622 2209 681 2242 cum
700 2191 831 2257 Alapinis,
857 2206 916 2241 cum
936 2207 1034 2254 magna
1053 2192 1172 2242 multitu·

52 2267 122 2317 dine
150 2265 240 2317 locum
269 2267 344 2318 illum
374 2273 548 2333 occuparent,
575 2283 592 2316 a
621 2282 673 2331 quo
702 2265 785 2316 nostri
813 2266 954 2316 transitum
984 2264 1172 2316 miraculosum

50 2341 186 2391 fecerant.
223 2342 259 2391 Et
278 2343 318 2391 sic
337 2356 385 2391 nos
405 2340 559 2391 obsidentes
579 2341 714 2390 civitatem
734 2339 786 2404 ipsi
803 2338 981 2404 periculosius
1001 2339 1172 2400 obsederunt,

52 2419 82 2464 et
101 2415 156 2464 nisi
174 2429 222 2480 per
242 2414 361 2465 divinum
381 2415 520 2465 consilium
546 2414 632 2480 prima
658 2417 755 2472 castra,
783 2427 835 2476 que
859 2418 935 2461 erant
960 2413 1030 2462 inter
1053 2428 1125 2462 mare
1146 2417 1173 2462 et

52 2487 159 2550 Nilum,
183 2493 288 2537 retenta
307 2487 428 2550 fuissent,
458 2489 573 2538 maxime
597 2503 646 2552 per
663 2485 844 2536 Theutonicos
870 2491 897 2535 et
915 2485 1056 2548 Fresones,
1080 2492 1172 2552 portus

53 2561 136 2612 nobis
156 2560 261 2612 ablatus
286 2561 390 2623 fnisset,
420 2565 447 2610 et
475 2560 611 2625 negotium
635 2559 778 2626 plurimum
803 2558 982 2624 periclitatum
1006 2558 1171 2610 vacillasset.

53 2635 93 2686 Ut
112 2639 204 2684 autem
223 2634 378 2685 miraculum
397 2635 537 2685 transsitus
556 2635 642 2699 magis
656 2633 816 2683 claresceret
835 2647 869 2682 ac
882 2632 933 2682 soli
945 2631 1049 2683 Christo
1063 2632 1173 2684 firmiter

56 2708 262 2769 asscriberetur,
280 2707 315 2757 ad
335 2714 437 2758 tantam
451 2708 593 2760 Sarraceni
611 2710 790 2774 pervenerunt
804 2707 991 2769 temeritatem,
1011 2713 1040 2756 ut
1054 2705 1172 2757 diluculo

55 2781 168 2832 sabbati
187 2787 248 2833 ante
262 2780 373 2833 ‘Oculit
392 2783 445 2831 mei
464 2775 697 2849 semperh',nobis
717 2779 772 2830 tale
791 2779 940 2845 periculum
959 2794 1013 2830 non
1032 2781 1173 2846 previden·
1184 2792 1250 2834 Mart.
1261 2792 1281 2832 a.

7 2917 8 2920 Ἴ
56 2856 139 2919 tibus,
160 2871 219 2905 cum
240 2855 410 2905 multitudiue
430 2857 507 2919 gravi
525 2857 635 2922 propius
655 2855 819 2904 accederent
845 2859 872 2903 et
889 2868 974 2918 nsque
1000 2854 1029 2902 in
1046 2854 1174 2904 insutum

56 2944 87 2986 se
111 2929 317 2995 precipitarent;
346 2927 394 2978 sed
424 2928 514 2980 divino
544 2929 644 2978 auxilio
673 2943 733 2977 cum
757 2927 834 2992 gravi
858 2925 974 2992 dampno
1003 2927 1121 2991 equitum
1149 2931 1176 2976 et

57 3017 189 3068 equorum
208 3001 309 3067 repulsi
327 3007 396 3052 sunt.

135 3075 178 3124 10.
206 3075 283 3126 Anno
296 3076 387 3140 gracie
403 3074 498 3126 12191.
514 3075 608 3140 regina
621 3074 757 3123 civitatum
774 3071 933 3122 Ierosolima
950 3071 1085 3122 destructa
1102 3077 1142 3122 est
1158 3087 1176 3120 a

57 3147 205 3208 Coradino,
224 3147 279 3199 filio
299 3148 456 3215 Saphadini,
474 3149 538 3198 foris
558 3153 585 3198 et
602 3149 681 3208 intus,
701 3162 753 3212 qne
772 3145 915 3195 videbatur
932 3145 1177 3210 inexpugnabiliter

57 3222 172 3272 munita.
222 3223 292 3272 Mori
318 3225 374 3273 eius
401 3217 474 3272 cumi
500 3221 616 3271 turribus
639 3219 743 3270 redacti
770 3224 831 3270 sunt
858 3220 884 3268 in
914 3233 1025 3268 acervos
1053 3218 1176 3284 lapidum

56 3300 149 3361 preter
179 3295 306 3361 templum
331 3297 441 3346 Domini
476 3301 503 3345 et
530 3295 622 3344 turrim
650 3292 748 3342 David.
795 3292 838 3341 De
866 3287 1031 3357 sepulchrok
1059 3291 1176 3357 glorioso

58 3367 222 3419 destruendo
249 3369 388 3419 consilium
413 3369 563 3419 habuerunt
589 3367 731 3419 Sarraceni
764 3370 791 3414 et
819 3381 867 3430 per
892 3362 995 3415 litteras
1022 3365 1177 3416 comminati

58 3447 130 3502 sunt,
160 3458 227 3508 quas
251 3442 354 3493 civibus
378 3442 504 3493 Damiate
529 3441 732 3492 transmiserunt
754 3439 789 3489 ad
815 3439 932 3505 ipsorum
958 3437 1099 3496 solatium3
1128 3437 1177 3489 sed

57 3515 123 3566 hnic
141 3517 284 3566 temeritati
303 3532 381 3566 nemo
401 3517 561 3582 presumpsit
579 3531 672 3566 manus
692 3528 825 3579 apponere
845 3518 953 3578 propter
978 3511 1033 3562 loci
1051 3526 1175 3562 reveren·

57 3591 136 3640 tiam.
175 3589 251 3640 Sicut
271 3591 341 3641 enim
367 3591 394 3639 in
412 3588 573 3650 Alchorano,
601 3589 670 3638 libro
697 3587 765 3650 legis
786 3602 885 3648 eorum,
909 3587 1039 3652 scriptum
1064 3585 1174 3648 habent,

58 3663 170 3714 Ihesum
190 3662 324 3714 Christum
352 3664 487 3714 dominum
512 3668 628 3712 nostrum
655 3660 767 3711 credunt
793 3659 826 3710 de
845 3661 931 3709 Maria
957 3661 1060 3724 virgine
1085 3665 1176 3709 natum

59 3845 83 3897 a)
98 3843 145 3885 Sed
160 3846 222 3896 quia,
237 3850 263 3885 nt
278 3847 383 3896 superius
399 3845 497 3885 relatum
514 3848 555 3896 est,
570 3845 662 3884 fossatis
678 3848 702 3885 ot
717 3844 800 3883 limosa
815 3843 912 3882 materia
928 3853 979 3883 cnm
995 3841 1176 3892 propugnaculis

58 3905 138 3944 hostes
153 3905 287 3945 munierant
307 3906 367 3956 loca,
388 3907 453 3944 tanta
472 3905 498 3943 ln
521 3913 619 3943 ascensu
640 3902 684 3943 init
698 3903 824 3942 difficultas
839 3906 864 3941 ut
879 3901 904 3942 L.
995 3899 1019 3950 b)
1035 3903 1067 3940 stc
1082 3913 1099 3940 c.
1114 3905 1134 3940 et
1149 3900 1175 3942 G.

60 3961 83 4014 e)
94 3975 117 4012 q.
133 3964 243 4004 audacter
251 3965 279 4004 de
287 3963 312 4003 L.
342 3961 366 4013 d)
383 3964 464 4003 demto.
496 3961 518 4013 e)
536 3964 610 4002 territt
625 3974 647 4012 p.
657 3963 683 4002 L.
714 3961 732 4012 t)
742 3961 788 4002 Sed
798 3961 912 4010 quomodo
928 3962 1052 4010 scriptum:
1066 3961 1177 4000 Extrema

60 4023 126 4063 audii
141 4023 217 4062 luctus
228 4026 331 4074 occupat,
347 4025 381 4063 sic
394 4026 454 4062 atne
463 4023 605 4063 successibus
619 4023 689 4061 etiam
700 4021 808 4060 felicibus
824 4031 838 4059 a
847 4020 937 4059 casibus
953 4021 1062 4060 adversis.
1085 4020 1177 4067 Agonte

59 4082 176 4132 siquidem
191 4083 342 4130 quorumdam
357 4081 468 4122 falsorum
483 4083 581 4121 fratrum
597 4081 694 4130 perfidia
709 4081 795 4120 factum
817 4084 858 4132 est,
879 4083 905 4118 ut
919 4079 944 4118 L.
1006 4077 1030 4129 g>
1043 4089 1064 4118 a.
1080 4078 1177 4118 terciam

62 4141 239 4191 quadragesime
263 4142 402 4182 dominicam
425 4141 491 4181 nobis
514 4141 539 4182 L.
643 4139 667 4191 h>
690 4139 755 4178 verta
778 4149 800 4179 o.
824 4149 854 4182 m.
876 4149 894 4178 s.
914 4139 1060 4188 alpertus-ipra
1083 4142 1134 4178 eunt
1159 4149 1177 4176 c.

62 4199 80 4252 i)
94 4201 118 4239 ln
134 4212 151 4240 o.
211 4198 428 4252 k)s.1)om1nigl.
445 4201 471 4242 L.

65 4339 92 4406 1)
113 4340 317 4408 carpentaria
336 4347 449 4408 tempore
467 4340 603 4407 inanitur.
