2924 5006
172 429 356 481 cfluoulcn
376 429 490 482 REGIA
511 429 763 483 COLONIENSIS.
784 430 888 484 OONT.
907 432 938 482 A.
962 431 1040 482 1190.
1117 432 1170 481 149

450 603 619 656 Becausio
638 605 663 656 1.
684 614 707 657 ct
726 606 769 656 ΙΙ.

43 687 165 753 urbem
187 701 300 754 suama
321 691 467 772 intraret3
497 713 532 755 se
554 692 584 756 ei
606 700 697 756 extra
724 691 828 776 posito
859 691 966 755 omnia
988 692 1170 756 necessaria

43 773 327 838 abundantissime
367 775 557 839 rovisurum.
601 774 696 855 Quod
713 785 745 839 et
758 776 842 839 fecit.
887 775 952 840 Sed
975 796 1048 838 cum
1070 777 1170 839 nostri

42 861 243 923 necessitate
265 859 329 943 pab
364 860 543 943 ivagantes
564 881 666 944 prope
688 859 801 924 urbem
823 859 1041 940 accessissent,
1063 870 1170 924 motus

43 940 102 1006 ille
125 965 203 1006 suos
225 943 341 1006 armari
360 952 391 1007 et
406 944 451 1005 eis
468 943 598 1007 obviam
613 943 745 1040 procedi
760 942 871 1007 edixit.
916 941 1063 1043 Cumque
1078 942 1171 1008 multi

45 1023 225 1090 hincinde
255 1024 491 1108 occumberent,
524 1036 625 1090 nostrl
654 1049 696 1090 ex
726 1026 858 1091 consilio
881 1036 1023 1092 revocat1
1043 1049 1170 1113 proces·

46 1121 164 1174 serunt
189 1110 224 1173 in
245 1110 325 1174 fines
347 1110 526 1174 Turcorum
556 1132 667 1174 versus
695 1109 946 1176 Laodiciamhu.
990 1111 1044 1176 Ibi
1071 1113 1170 1198 impe·
1237 1175 1239 1182 ,
1268 1172 1272 1176 .

44 1203 138 1258 rator
168 1217 187 1257 a
214 1191 328 1279 legatis
358 1193 483 1258 soldani
509 1195 744 1280 gratantissime
774 1196 867 1280 quasi
892 1195 934 1258 ad
961 1194 1115 1260 ducatum
1137 1197 1192 1258 in'

46 1276 126 1341 dolo
162 1288 331 1364 susceptus
361 1287 417 1342 est.
462 1277 610 1364 Cumque
632 1278 731 1342 Turci
763 1281 943 1344 exercitum
976 1282 1043 1344 sine
1076 1279 1170 1343 inter·

45 1363 205 1426 missione
227 1372 322 1427 nocte
344 1362 459 1447 dieque
486 1363 575 1447 impu
600 1372 721 1444 narent,
749 1365 914 1449 piissimus
942 1364 1116 1449 imperator
1136 1363 1171 1426 in

44 1444 139 1509 nullo
164 1469 218 1511 eos
240 1445 304 1510 ledi
325 1445 480 1532 permisit,
510 1469 551 1509 ne
577 1385 673 1511 ledus
703 1450 827 1535 rupisse
856 1448 1030 1529 videretur,
1067 1445 1170 1512 donec

46 1551 164 1594 eorum
194 1528 317 1594 assultu
343 1541 465 1593 motum
500 1540 610 1595 contra
641 1553 675 1594 se
705 1533 804 1596 sensit
831 1534 1027 1614 exercitum,
1060 1531 1171 1618 sicque

46 1613 182 1678 demum
205 1614 247 1678 ad
267 1612 481 1678 resistendum
509 1615 554 1680 eis
577 1637 610 1678 se
632 1625 664 1679 et
686 1637 760 1679 suos
782 1616 946 1680 animavit.
991 1615 1075 1681 Cesa
1096 1625 1172 1680 sunt

44 1698 93 1762 ibi
117 1697 296 1762 Turcorum
321 1698 487 1762 1140011.
522 1697 713 1763 Occiditur(¹
736 1701 832 1764 etiam
862 1699 908 1764 ibi
930 1699 1114 1765 Fridericus
1129 1699 1170 1763 de

45 1777 174 1863 Hirsen,
208 1783 259 1845 vir
290 1780 412 1869 probus
440 1791 472 1846 et
499 1780 625 1862 nobilis,
659 1784 715 1868 qui
744 1786 891 1869 egregiae
922 1782 1025 1847 laudis
1055 1795 1087 1848 et
1115 1783 1170 1848 ho·

44 1867 185 1930 nestatis
222 1888 279 1952 pre
317 1863 466 1930 omnibus
501 1865 555 1929 illo
588 1867 622 1929 in
654 1875 799 1953 tempore
829 1889 946 1931 nomen
972 1876 1170 1966 acceperat&

47 1951 118 2031 Qui
140 1950 217 2014 dum
239 1952 273 2014 in
287 1950 411 2014 'lurcos
425 1949 560 2014 viriliter
574 1950 733 2016 deseviret
747 1973 909 2037 unumque
932 1973 973 2014 ox
996 1973 1042 2016 ers
1063 1951 1170 2015 acrius

46 2036 284 2120 insequeretur,
299 2056 400 2132 equus
415 2035 484 2097 eius
505 2033 661 2098 fossatum
683 2033 864 2099 transiliens
887 2035 1012 2117 cecidit,
1035 2035 1170 2120 ipseque

49 2117 254 2204 subsequens
286 2139 379 2181 ruma
407 2119 576 2202 expiravit.
631 2118 738 2205 Super
768 2120 858 2183 cuius
892 2130 993 2183 morte
1021 2127 1111 2183 tanta
1136 2119 1170 2182 in

49 2203 169 2266 castris
191 2212 261 2266 orta
282 2213 330 2266 est
357 2202 512 2282 mesticia,
544 2201 652 2288 quod⁰
683 2204 802 2267 omissa
831 2225 942 2288 pugna
970 2225 1080 2266 omues
1107 2201 1169 2266 cla-

48 2307 175 2350 morem
193 2284 343 2350 bellicum
359 2295 562 2350 mutaverunt
580 2287 613 2348 in
628 2308 742 2350 vocem
757 2286 913 2352 flentium.
957 2285 1039 2351 Cum
1060 2295 1169 2351 autem

47 2370 126 2434 inde
149 2370 300 2455 progredi
322 2368 448 2451 vellent,
471 2370 569 2434 Turci
592 2371 652 2434 iter
682 2393 792 2435 eorum
819 2392 920 2457 prope
942 2380 1092 2434 montana
1114 2392 1169 2434 ex·

46 2453 224 2540 plorantes,
254 2475 366 2517 currus
394 2451 506 2539 plenos
527 2452 687 2538 lapidibus
710 2464 943 2536 exstruxerant,
972 2477 1053 2541 quos
1074 2477 1093 2518 1
1116 2453 1170 2519 de·

46 2560 135 2602 vexo
165 2535 404 2602 transeuntibus
431 2537 569 2623 desuper
597 2538 801 2604 inmitterent.
845 2539 964 2602 Verum
991 2548 1072 2603 nutu
1093 2537 1169 2620 Dei,

48 2621 111 2686 sub
135 2623 229 2685 cuius
252 2620 373 2684 alarum
396 2623 535 2705 tegmine
558 2621 739 2708 sperabant,
769 2623 833 2686 duo
856 2623 955 2686 Turci
977 2624 1063 2708 capti
1085 2631 1168 2704 sunt,

48 2728 190 2792 quorum
216 2727 280 2768 uno
310 2707 378 2769 sine
408 2703 635 2770 deliberatione
669 2707 784 2789 occiso,
820 2704 900 2770 alter
933 2705 992 2770 sub
1019 2707 1168 2791 pactione

46 2791 134 2854 vitae
157 2789 314 2874 promisit,
338 2812 371 2853 se
399 2787 511 2853 ducem
536 2810 645 2854 eorum
672 2790 756 2872 fore3
786 2788 943 2875 duxitque
971 2791 1042 2854 eosr
1070 2790 1167 2855 infide

47 2896 107 2958 per
128 2882 271 2937 montem
293 2872 464 2946 habentem
486 2875 547 2938 tria
577 2871 666 2936 milia
693 2875 727 2937 in
757 2873 866 2938 altum.
910 2873 1003 2937 Multi
1031 2873 1077 2937 ibi
1102 2896 1167 2938 non

47 2956 153 3021 solum
176 2956 331 3038 homines,
353 2955 410 3020 sed
433 2965 464 3020 et
485 2957 560 3043 equi
580 2957 678 3026 fortes
694 2958 826 3021 sarcinis
841 2967 873 3022 et
888 2967 958 3022 estu
973 2956 1168 3039 defecerunt,

48 3041 169 3128 quibus
193 3050 300 3104 tamen
326 3041 410 3126 ipsis
437 3040 477 3105 ob
507 3042 675 3126 penuriam
702 3041 887 3106 victualium
917 3043 951 3105 in
980 3041 1090 3106 cibum
1116 3043 1168 3105 usi

48 3135 133 3189 sunt.
179 3124 328 3188 Transito
357 3133 475 3204 monte,
507 3134 664 3189 venerunt
694 3127 728 3188 in
759 3124 928 3211 planiciem
999 3125 1104 3189 amine
1136 3134 1168 3190 et

47 3231 133 3294 aqua
155 3207 337 3288 fecundam,
359 3208 416 3273 ubi
437 3207 480 3272 ad
493 3208 658 3272 modicum
678 3209 814 3274 recreati
828 3218 912 3272 sunt.
987 3220 1167 3279 ecrescente

46 3304 156 3358 autem
173 3291 376 3357 multitudine
390 3292 569 3355 'lurcorum
584 3292 838 3379 incomparabili,
856 3292 956 3355 nostri
970 3293 1003 3355 in
1018 3293 1167 3356 summoh

2 3375 3 3416 l
47 3385 139 3441 erant
171 3377 267 3463 positi
303 3375 495 3456 discrimine,
528 3398 566 3440 eo
597 3377 683 3461 quod
710 3386 777 3440 tam
804 3374 909 3440 calore
938 3396 1034 3460 quam
1056 3373 1167 3441 labore

47 3459 243 3542 defecerant,
279 3480 339 3523 nec
361 3470 428 3523 erat
449 3458 593 3546 aliquodi
616 3461 750 3546 periculi
778 3459 940 3544 effugium,
980 3460 1078 3543 quial
1107 3461 1168 3525 iter

48 3567 161 3608 eorum
185 3557 220 3607 ut
241 3542 384 3608 locustae
406 3542 606 3608 obsederant.
649 3543 702 3610 Ibi
722 3543 819 3642 legati
850 3541 964 3608 soltani
984 3541 1102 3628 perfidi
1124 3542 1166 3607 ad

48 3628 173 3692 'lurcos
200 3627 409 3714 refugerunt¹,
447 3626 588 3693 abducto
621 3650 730 3693 secum
760 3637 933 3713 mterprete
964 3627 1166 3712 imperatoris

47 3713 177 3776 nomine
201 3710 387 3777 Godefrido.
430 3711 539 3776 Nostri
561 3733 637 3777 vero
659 3709 881 3792 deliberantes,
916 3710 1021 3796 quidm
1049 3711 1082 3774 in
1105 3710 1166 3776 hoc

69 3795 229 3861 ericuloso
251 3795 435 3860 discrimine
468 3796 601 3894 aggredi
629 3804 769 3880 possent,
792 3840 832 3848 -
855 3817 893 3860 eo
924 3794 1009 3881 quod
1042 3792 1165 3858 nullum

48 3818 219 3966 diffugium
240 3888 372 3966 pateret,
404 3880 431 3942 si
458 3888 555 3944 etlam
576 3879 636 3964 hoc
656 3880 765 3965 ipsum
793 3881 901 3943 animo
923 3877 1103 3961 insedisset,
1126 3916 1164 3926 -

48 4040 68 4092 1)
82 4045 140 4083 deest
157 4043 199 4086 02.
244 4041 267 4094 b)
285 4042 490 4085 LeodociamBl‚
532 4040 704 4093 1)1130002.
748 4039 969 4094 dloeoidit01.8.
1015 4038 1166 4092 1)ἀ111102.

48 4099 135 4151 fldem
151 4103 198 4142 Β1.
208 4103 229 4143 2.
293 4099 316 4152 g)
332 4101 387 4140 deest
403 4103 444 4143 01.
498 4099 522 4154 h)
539 4112 636 4151 sompno
652 4102 689 4141 Bl
707 4099 837 4153 (postem.
854 4099 960 4151 summo).
977 4100 1021 4141 01.
1040 4101 1053 4140 2
1069 4100 1105 4152 (m.
1121 4111 1164 4142 111.

48 4158 232 4270 ζςνᾶῃὶἓωέιο),
310 4159 328 4212 l)
345 4161 436 4210 aliquot
456 4161 505 4202 Β1.
588 4161 835 4213 11)(1111Β1,01.2.
915 4157 933 4211 l)
950 4159 1100 4209 perfugerant
1121 4160 1166 4201 01.

52 4350 76 4414 1)
94 4351 140 4402 Aa
158 4350 275 4418 Lycum,
294 4351 370 4402 cuius
389 4350 485 4401 ruinae
499 4366 585 4417 prope
603 4350 741 4417 Danieley.
761 4349 817 4402 PL.
877 4347 906 4414 2)
925 4347 981 4400 Alit
1000 4350 1033 4402 de
1053 4350 1105 4401 500
1124 4350 1168 4402 uel

51 4424 100 4474 300
126 4432 230 4477 tautum
249 4423 350 4477 dierunt.
425 4425 455 4491 8)
474 4423 565 4475 Etiam
585 4421 746 4476 carminibus
766 4423 872 4474 celeber.
1167 4438 1170 4442 ·
