2924 5006
309 411 360 462 186
417 409 607 464 oflaonlcn
625 409 738 462 naam
758 408 1011 462 communem.
1031 407 1133 460 CONT.
1150 409 1188 476 ll.
1206 409 1239 461 A.
1253 407 1333 461 1210.
1439 407 1440 412 ’

545 577 640 642 Anno
662 575 822 641 dominice
844 577 1071 641 incarnationis
1098 577 1187 644 1210.

374 681 470 747 'Otto
492 681 536 743 im
561 689 666 744 orator
686 678 791 744 natale
813 679 947 743 Domini
975 678 1062 766 apud
1083 677 1260 742 marchiam
1282 676 1429 742 Anconie

308 768 343 832 in
372 766 501 830 civitate
555 762 695 849 olingin¹
724 760 908 846 celebravit,
944 763 1054 850 sicque
1083 763 1184 827 intra⁸
1212 761 1344 827 ltaliam
1397 784 1429 826 er

299 857 408 916 'totam
430 848 567 913 hiemem
591 857 805 911 commoratus
827 856 884 911 est.
927 846 994 912 Ubi
1015 846 1148 933 quidam
1167 783 1430 932 exprincipibus

309 932 426 1020 Apulie
453 932 590 997 adeum
612 932 787 1012 venientes,
820 929 916 994 fidem
945 942 978 997 et
998 930 1198 995 hominiumb
1220 931 1252 995 ei
1272 931 1431 1011 fecerunt,

308 1020 413 1098 urbes,
441 1013 570 1080 castella
596 1025 780 1101 ceterasque
808 1017 1024 1100 possessiones
1049 1016 1084 1077 in
1109 1013 1306 1080 beneficium
1328 1015 1373 1080 ab
1396 1035 1440 1078 eo¹

309 1109 527 1187 susceperunt,
555 1098 705 1163 obnixius
727 1098 941 1180 adhortantes,
964 1108 1120 1186 quatenus
1141 1099 1321 1183 imperator
1343 1097 1433 1185 Apu·
1456 1137 1458 1163 ;

309 1185 385 1250 liam
417 1185 565 1265 intraret,
601 1205 735 1268 regnum
769 1192 951 1268 terramque
984 1183 1099 1248 ditioni
1132 1205 1190 1246 sue
1222 1183 1321 1248 subiu
1347 1193 1430 1265 aret,

311 1277 508 1334 sacramento
530 1266 607 1331 fidei
620 1267 754 1332 firmiter
772 1275 967 1348 attestantes,
989 1269 1024 1331 in
1038 1269 1067 1330 A
1093 1264 1158 1330 ulia
1171 1265 1297 1331 nullum
1313 1205 1432 1332 debere

309 1374 454 1437 regnare,
486 1351 549 1415 nisi
581 1373 715 1435 regnum
746 1361 778 1416 et
810 1372 959 1414 coronam
990 1351 1032 1415 ab
1061 1289 1205 1415 iomano
1232 1351 1432 1438 imperatore

310 1437 519 1523 suscepisset;
543 1434 600 1500 sed
620 1444 727 1500 utrum
748 1433 808 1499 heo
829 1436 863 1498 in
885 1433 957 1500 dolo
979 1435 1121 1500 facerent
1138 1457 1250 1516 necne,
1272 1437 1434 1500 incertum

310 1519 456 1585 habetur.
542 1519 619 1606 Ipso
640 1528 784 1605 tempore
799 1518 898 1604 legati
911 1518 1045 1584 Salatini
1058 1520 1143 1618 regis
1156 1517 1432 1585 Samacenorum¹

311 1625 385 1668 cum
415 1601 557 1690 epistolis
588 1602 777 1690 magnisque
807 1604 994 1669 muneribus
1023 1603 1066 1667 ad
1094 1613 1325 1688 1mperatorem
1354 1605 1434 1668 Tus-

310 1688 432 1753 kanum
464 1697 633 1768 venerunt3
671 1709 751 1773 quos
787 1685 961 1752 honorifice
997 1697 1162 1773 susceptos
1197 1699 1272 1773 post
1309 1686 1434 1787 aliquot

198 1797 254 1838 ms.
265 1799 300 1840 11.
311 1782 437 1859 tempus
452 1770 602 1856 regaliter
616 1770 750 1835 donatos
771 1769 917 1837 absolvit.
1003 1772 1046 1852 In¹
1063 1771 1144 1836 festo
1163 1772 1265 1837 sancti
1279 1771 1434 1837 Mart1ni³

222 1855 279 1909 (¹⁸·l
334 1880 396 1943 apa
417 1858 653 1942 imperatorem,
677 1876 771 1940 quem
793 1864 887 1920 antea
905 1856 1242 1920 excommunicaverat
1256 1865 1359 1943 atque
1376 1876 1434 1943 pro

309 1881 395 2006 bono
417 1939 506 2026 pacis
528 1939 694 2025 hucusque
721 1939 924 2022 sustinuerat,
956 1949 989 2004 et
1014 1961 1100 2003 nunc
1152 1962 1187 2004 er
1207 1949 1311 2004 totam
1334 1938 1434 2005 eccle·

311 2026 391 2090 siam
414 2023 726 2088 excommunicatum
740 2021 870 2109 publice
891 2024 1098 2110 pronunciari
1120 1962 1149 2088 <l

395 2109 467 2172 Rex
477 2107 715 2193 Ungariorum⁴
731 2129 804 2170 cum
820 2130 877 2193 per
889 2130 964 2172 suos
979 2109 1186 2173 munitionem
1199 2107 1367 2194 quandam
1384 2130 1437 2172 ex·

310 2213 454 2280 pugnare
475 2213 539 2256 non
555 2203 672 2277 posset,
696 2189 827 2256 consilio
845 2193 955 2256 uxoris
977 2214 1044 2275 sue,
1066 2215 1128 2278 que
1151 2214 1192 2257 ex
1207 2191 1435 2258 Theuthonica

334 2286 406 2341 ente
432 2276 567 2340 oriunda
595 2275 686 2357 fuitfr,
714 2298 756 2340 ex
789 2275 837 2339 his
871 2278 926 2363 qui
952 2277 986 2339 in
1013 2286 1098 2341 terra
1127 2277 1194 2341 eius
1223 2274 1437 2342 morabantur

310 2299 517 2425 l'heutonicis
540 2381 668 2424 sumens
691 2361 876 2440 exercitum,
904 2360 1109 2425 iamdictam
1130 2361 1341 2426 munitionem
1367 2363 1435 2425 sine

1143 2024 1303 2090 emundat.

311 2466 428 2530 magno
444 2443 520 2509 belli
558 2441 677 2508 ericulo
691 2445 724 2506 in
739 2443 830 2508 brevi
845 2444 907 2510 sibi
921 2444 1120 2530 subiugavit,
1141 2445 1225 2509 unde
1240 2457 1307 2510 tam
1323 2468 1436 2510 mune·

311 2529 402 2594 ribus
425 2550 522 2615 quam
534 2467 710 2593 lionoribus
725 2527 870 2614 plurimis
885 2550 939 2595 eos
959 2529 1113 2615 ampliare
1129 2531 1261 2595 curavit.
1294 2529 1435 2615 Ungarii

312 2634 388 2678 vero
409 2612 589 2678 invidentes
611 2621 643 2677 et
672 2635 705 2676 se
728 2621 881 2699 tanquam
903 2612 1030 2678 viliores
1054 2625 1111 2676 ac⁰
1133 2614 1298 2700 despectui
1322 2614 1437 2679 haberi

313 2695 548 2779 erubescentes,
570 2718 681 2781 regem
703 2696 849 2762 occidere
871 2699 979 2761 conati
994 2708 1082 2778 sunt,
1105 2697 1190 2785 quod
1206 2699 1353 2784 reginam
1369 2719 1435 2761 non

312 2779 419 2863 latuit,
442 2780 526 2846 unde
548 2782 739 2865 intempeste
758 2783 860 2845 noctis
875 2781 962 2863 hora,
986 2782 1134 2847 omnibus
1158 2804 1269 2846 somno
1292 2783 1438 2866 graviter

314 2867 485 2950 oppressis,
511 2887 531 2928 a
552 2865 664 2964 regina
685 2866 882 2949 premonitus
904 2888 962 2930 rex
986 2888 1060 2929 cum
1082 2868 1194 2952 paucis
1215 2867 1328 2951 fugam
1350 2867 1435 2947 iniit,

302 2949 384 3033 'ipsa
406 2970 480 3012 cum
503 2951 569 3013 suis
591 2950 759 3012 monstris
789 2959 1012 3034 permanente3
1045 2949 1216 3015 estimabat
1244 2950 1330 3013 enim
1359 2950 1435 3031 sibi,

314 3041 425 3118 utpote
456 3033 548 3097 sexui
576 3031 730 3113 femineo,
763 3034 866 3131 magis
896 3055 992 3119 quam
1018 3035 1088 3119 regi
1116 3033 1157 3098 ab
1185 3032 1333 3099 hostibus
1360 3055 1437 3120 par·

315 3115 462 3181 cendum.
504 3116 656 3181 Nondum
670 3135 729 3180 rex
743 3115 868 3203 longius
883 3127 1090 3204 processerat,
1114 3140 1188 3183 cum
1204 3139 1279 3183 ecce
1295 3117 1437 3204 Ungarii

313 3223 412 3265 manu
439 3211 570 3282 armata,
604 3208 709 3265 mente
731 3199 871 3284 efferata,
902 3203 936 3264 in
963 3203 1092 3266 castrad
1117 3225 1152 3266 re
1176 3203 1202 3266 is
1224 3204 1361 3283 irruunt,
1395 3202 1437 3266 ad

315 3283 525 3350 occidendum
547 3306 655 3370 regem
671 3285 704 3347 in
729 3287 854 3368 uirnnt,
877 3309 972 3373 quem
993 3286 1123 3351 tandem
1145 3309 1164 3350 a
1188 3288 1250 3350 isse
1266 3308 1326 3385 pro
1346 3297 1437 3351 certo

315 3390 352 3433 co
376 3378 556 3447 noscentes,
593 3389 681 3432 more
706 3305 843 3434 bestiali
879 3371 1022 3456 reginam
1061 3369 1230 3434 crudeliter
1264 3368 1437 3453 invadunt,

314 3391 492 3534 vulnerant,
513 3460 727 3538 prosternunt,
748 3474 872 3537 manus,
895 3476 975 3540 quas
992 3453 1203 3540 supplicando
1215 3454 1437 3553 protenderat,

208 3579 211 3585 -
314 3536 494 3618 abscidunt,
523 3537 632 3622 sicque
655 3537 741 3600 omni
763 3538 867 3603 bestia
888 3537 1091 3619 crudeliores,
1121 3537 1241 3603 lancem
1270 3548 1302 3604 et
1329 3541 1437 3604 contis

316 3768 339 3823 a)
352 3772 414 3812 inter
429 3770 478 3812 Aa
541 3770 578 3832 pb)
594 3772 713 3814 hommum
728 3772 862 3815 extendi.
938 3770 959 3824 c)
975 3774 1101 3814 vocabulum
1124 3775 1231 3824 quoddam
1251 3775 1321 3814 demae
1341 3776 1437 3818 videtur.

317 3831 339 3882 d)
357 3835 432 3870 castro
448 3841 466 3871 r.
483 3829 598 3883 trrutt(ur)
615 3831 664 3872 Aa.

319 4034 347 4102 1)
366 4035 486 4103 Foliqno.
531 4035 687 4101 Diplomcto
711 4053 772 4088 vcro
792 4054 878 4105 regem
905 4037 981 4104 apud
1006 4038 1189 4090 Interamnam
1212 4039 1304 4090 notak
1323 4037 1436 4090 Domini

318 4108 468 4171 celebrasse,
490 4117 586 4175 postea
605 4109 766 4177 Fulqimcum
791 4111 937 4175 amasiam,
957 4112 1084 4178 probant.
1160 4110 1189 4178 2)
1210 4110 1360 4164 deludimus
1379 4112 1435 4162 iam

317 4198 343 4234 α.
365 4182 444 4232 1193.
464 4181 579 4244 obierum
602 4199 655 4233 mon
674 4191 761 4234 tamem
780 4183 813 4236 de
833 4185 885 4236 olio
905 4183 1116 4238 sarracenorum
1141 4201 1200 4252 reye
1219 4185 1372 4252 scriptorem
1392 4203 1433 4238 oo·

314 4252 422 4321 pirasse,
441 4256 581 4307 ostendunt
599 4273 668 4322 qnae
685 4258 768 4322 paulo
787 4255 863 4323 infra
877 4265 982 4311 narrat.
1058 4259 1088 4326 3)
1102 4258 1158 4309 Alii
1175 4259 1271 4310 rectius
1289 4258 1319 4308 im
1338 4266 1435 4311 octavo

317 4325 347 4378 S.
358 4325 471 4378 Martini
484 4325 623 4389 (Novemb.
638 4327 684 4396 18)
702 4330 768 4382 lucc
781 4340 903 4397 porrum·
922 4350 947 4384 o,
961 4331 1077 4384 Brilmer
1092 4348 1121 4398 p.
1138 4333 1181 4386 55.
1255 4329 1284 4396 4)
1300 4331 1433 4384 Andreas.

318 4397 347 4466 ὃ)
369 4399 509 4452 Oertrudir
527 4402 560 4453 de
578 4402 698 4455 Mer-ane.
