2924 5006
275 395 330 446 282
369 393 558 446 CHRONICA
577 391 691 444 REGIA
712 383 964 444 conoulnusls.
985 387 1087 439 CONT.
1098 388 1152 440 111.
1175 386 1400 439 Δ.1211.1212.

672 563 840 616 Receaaio
860 562 884 614 Ι.
904 569 934 614 et
953 561 995 614 ΙΙ.

277 651 450 718 catholicos
461 653 530 717 eius
540 649 757 737 implorabant
767 644 934 712 auxilium.
958 647 1023 727 Qui
1032 647 1116 710 votis
1125 667 1235 711 eorum
1247 666 1402 727 annuens,
1454 701 1456 708 ,

277 745 471 820 congregata
480 757 559 799 mox
569 729 794 798 innumerabili
804 729 1007 796 multitudine
1019 729 1280 812 Sarracenorum,
1295 729 1340 794 ad
1351 752 1402 794 ex·
1454 713 1456 840 l

276 819 484 907 pugnandam
500 830 532 884 et
542 818 741 885 subdendam
754 814 815 881 sibi
827 824 944 880 terram
960 814 1207 878 christianorum
1217 816 1404 878 transmisit.

278 906 343 985 Qui
354 905 484 989 navigio
496 925 584 968 mare
593 909 802 981 transeuntes,
811 900 915 984 primo
926 909 1042 963 terram
1060 900 1144 984 regis
1155 898 1350 984 Hyspaniae
1362 900 1404 962 in·
1453 843 1456 954 l

278 988 431 1053 vadentes
454 998 486 1051 et
512 1009 614 1073 usque
642 985 684 1049 ad
707 985 725 1048 7
750 983 851 1047 dietas
881 984 988 1047 omnia
1015 982 1228 1062 devastantes,
1259 983 1405 1050 civitates
1454 955 1457 1048 l

278 1094 352 1136 cum
386 1070 545 1150 castellis}
580 1078 743 1157 ceperunt,
781 1067 895 1130 occisis
934 1069 986 1132 etb
1022 1066 1139 1152 fugatis
1170 1065 1405 1134 habitatoribus
1455 1109 1457 1142 2

278 1178 390 1220 earum
418 1154 607 1220 christianis.
651 1151 775 1218 Bellum
791 1151 887 1215 etiam
907 1150 993 1215 idem
1014 1150 1232 1215 Massamutus
1254 1152 1405 1217 omnibus
1455 1143 1457 1192 l

279 1241 313 1303 in
335 1260 429 1304 cruce
442 1237 561 1302 Christi
599 1236 787 1302 laniantibus
803 1237 950 1321 sequenti
964 1258 1047 1300 anno
1063 1234 1181 1299 indixit
1196 1245 1314 1320 quarta
1328 1235 1407 1299 feria

279 1333 354 1389 ante
376 1261 601 1410 pentecostesl.
1455 1331 1457 1402 ζ

363 1407 378 1471 l
404 1428 439 1471 so
463 1407 558 1470 etiam
582 1426 665 1470 anno
679 1403 828 1489 Syfridus
843 1403 1100 1488 Mogonciensis⁶
1123 1402 1406 1489 archiepiscopus*
1457 1402 1458 1476 ξ

281 1513 355 1555 cum
380 1429 585 1554 llerimanno
614 1488 795 1572 lantgravio
817 1497 849 1552 et
870 1509 946 1572 rege
975 1487 1127 1551 Boemiae
1150 1496 1181 1550 et
1209 1485 1406 1574 quibusdam
1457 1529 1458 1536 2

303 1574 482 1660 rincipibus
514 1584 546 1638 et
568 1571 729 1639 nobilibus
751 1583 855 1636 terrae
877 1571 966 1657 apud
979 1571 1186 1655 Bavinberg‘¹
1209 1568 1406 1656 colloquium
1457 1641 1458 1646 γ

279 1593 401 1739 habuit,
417 1659 474 1724 ubi
489 1659 695 1745 episcopum¹
713 1657 816 1742 ipsius
832 1656 973 1720 civitatis
988 1666 1121 1741 propter
1134 1675 1247 1718 necem
1263 1654 1407 1742 Philippi
1457 1661 1458 1740 1

279 1745 364 1828 regis
387 1741 557 1828 expulsum
578 1744 795 1807 restituerunt.
841 1738 949 1804 (lausa
970 1741 1065 1804 etiam
1088 1737 1182 1802 huius
1197 1741 1322 1823 negotii
1338 1741 1406 1822 fuit,
1458 1769 1459 1794 1

279 1836 316 1891 ut
338 1827 514 1891 secundum
537 1835 724 1912 preceptum
747 1846 853 1911 papae
876 1823 1027 1889 Ottonem
1056 1825 1284 1908 imperatorem
1313 1824 1407 1890 relin-

281 1920 415 1997 querent
437 1920 469 1975 et
494 1910 718 1974 Fridericum⁰
751 1931 861 1994 regem
885 1908 1024 1991 Siciliae,
1055 1907 1156 1971 filium
1179 1907 1329 1974 Heinrici
1351 1911 1406 1974 im·

279 1996 446 2095 paratoria,
463 1993 625 2080 eligerent.
670 1992 736 2058 Sed
751 2014 824 2056 cum
840 1992 948 2078 plures
963 2015 1130 2057 assensum
1146 2013 1209 2056 non
1224 1993 1407 2079 preberent,

279 2079 397 2143 infecto
419 2079 548 2163 negotio
571 2086 780 2147 recesserunt.
827 2077 1011 2163 Syfridus**
1040 2074 1185 2141 similiter
1211 2098 1231 2141 a
1282 2099 1347 2164 apa
1374 2101 1407 2144 se

279 2162 420 2248 legatum
453 2184 511 2247 per
538 2159 764 2225 Alemanniam
802 2162 1008 2226 constitutum
1043 2161 1216 2241 affirmans,
1251 2099 1406 2226 guonem

279 2249 506 2332 imperatorem
531 2246 682 2335 [sepiusf]
707 2247 1008 2327 excommunicavit,
1031 2254 1063 2309 et
1082 2245 1188 2308 missis
1203 2243 1318 2309 litteris
1342 2248 1406 2310 suis

280 2331 321 2395 ad
352 2353 463 2394 omnes
491 2329 752 2477 archiepiscopos
781 2339 812 2394 et
841 2331 1019 2415 episcopos,
1041 2339 1077 2393 ut
1103 2329 1232 2414 ipsum²
1254 2329 1407 2412 facerent,

281 2416 471 2480 auctoritate
493 2425 606 2498 aposto
620 2417 671 2479 ica
691 2415 864 2498 precepit³.
918 2413 1013 2478 Unde
1036 2422 1215 2477 commotus
1244 2411 1406 2499 palatinus

282 2520 388 2562 comes
401 2499 483 2562 Reni
493 2499 675 2580 Heinrious,
688 2500 785 2562 frater
797 2498 1009 2583 imperatoris,
1026 2519 1100 2560 cum
1116 2497 1197 2561 duce
1209 2495 1404 2563 Brabantiae

282 2590 314 2647 et
329 2583 443 2646 ceteris
458 2581 619 2646 nobilibus
630 2582 859 2666 Lotharingiae
875 2591 907 2645 et
922 2583 1123 2666 superiorum
1139 2583 1279 2667 partium
1303 2592 1404 2648 totum

176 2688 270 2739 satra.
284 2666 505 2764 episcopatum
536 2665 817 2750 Mogonoiensemss
839 2666 925 2731 circa
953 2667 1071 2730 t'estum
1106 2667 1209 2728 sancti
1238 2665 1406 2733 Michaelis

282 2748 431 2814 incendro
454 2759 486 2814 et
506 2750 619 2834 rapina
640 2751 788 2831 vastavit,
810 2747 909 2812 nichil
935 2759 1042 2836 preter
1068 2749 1212 2814 civitates
1241 2759 1272 2814 et
1300 2761 1406 2816 castra

207 2860 272 2900 mm.
281 2834 437 2898 intactum
459 2831 652 2919 relinquens.
686 2833 832 2897 Εοάθῐι]1
854 2856 938 2898 anno
953 2834 985 2897 in
1003 2833 1249 2920 quadragesima
1267 2835 1405 2922 impera·

207 2926 333 2982 rator
355 2917 394 2982 de
416 2916 510 2982 Italia
531 2917 626 2982 rediit
649 2917 713 3007 [etll
736 2917 824 3003 apud
845 2918 1063 2982 Frankinvort
1089 2919 1123 2981 in
1151 2917 1204 2981 die
1225 2917 1404 3004 palmarum

157 2995 225 3035 ’Μ’
236 2996 271 3036 ¹⁸·
283 3023 357 3065 cum
381 3002 573 3086 quibusdam
596 3003 796 3088 principibus
820 3013 851 3066 et
872 3001 1035 3068 nobilibus
1060 3001 1252 3087 colloquium
1281 3003 1405 3086 habuit,

281 3086 338 3151 ubi
360 3085 400 3151 de
420 3087 539 3150 iniusta
561 3086 893 3152 excommunicatione
915 3108 1020 3173 papae
1042 3087 1077 3150 in
1092 3109 1162 3150 eum
1178 3086 1279 3151 iactai
1302 3090 1403 3173 queri-

281 3171 421 3235 moniam
443 3170 543 3259 facist

476 3257 505 3318 5.
528 3277 631 3318 annus
652 3255 696 3317 im
722 3255 812 3320 eriik.
848 3255 944 3319 Anno
967 3254 1101 3318 Domini
1124 3254 1215 3318 1212.

364 3339 545 3423 Imperator
574 3337 660 3436 apud
714 3339 881 3424 urinberg¹
905 3338 1145 3404 celeberrimam
1175 3339 1297 3404 curiam
1320 3341 1403 3404 eirea

162 3457 217 3498 καί,
236 3431 488 3508 „pentecosten
511 3421 638 3505 habuit,
661 3421 717 3486 ubi
739 3422 888 3488 omnibus
911 3425 966 3509 qui
989 3431 1154 3508 presentes
1176 3432 1267 3485 erant
1287 3424 1403 3508 princi·

280 3507 376 3592 pibus
399 3527 530 3570 causam
552 3528 671 3571 werrae
693 3507 776 3570 inter
804 3506 815 3568 i
841 3529 910 3570 sum
933 3517 971 3592 ¹‚et
993 3528 1113 3592 papam
1144 3507 1316 3571 innotescit
1339 3509 1401 3593 [et¹¹

283 3611 394 3654 omnes
417 3590 478 3654 sibi
500 3589 693 3656 favorabiles
714 3529 842 3680 redditi,
886 3591 1034 3676 Regnum
1057 3591 1153 3655 etiam
1165 3590 1327 3674 Boemiae,
1350 3593 1401 3657 ab·

279 3674 455 3739 iudicatum
464 3673 605 3739 Odacrio
615 3675 685 3758 regi
695 3696 755 3759 per
768 3675 963 3739 sentenciam
974 3675 1168 3761 principum,
1179 3672 1266 3738 filiom
1277 3676 1403 3760 ipsius⁴,

337 3799 366 3866 ²¹⁸)
387 3799 577 3865 utlagatus
596 3817 718 3868 apapa
738 3802 981 3853 constitutus⁵
1002 3802 1121 3855 adua.

324 3872 370 3941 ¹¹⁹⁶)
390 3874 433 3924 Ibi
452 3875 533 3925 etiam
553 3874 674 3939 Syiridus
695 3875 837 3942 episcopus
856 3876 983 3927 Ottonem
1002 3875 1036 3926 Β.

345 3944 370 4015 †)
390 3949 465 3998 Tunc
486 3949 566 3998 etiam
587 3949 659 3999 circa
678 3948 910 4015 quadragesimam
931 3947 964 4000 B.

282 4090 305 4144 a)
316 4094 454 4135 etcastellas
464 4096 506 4136 01.
538 4092 562 4145 b)
572 4094 649 4136 2002.
681 4092 957 4146 smogonttnenstsffl.
989 4092 1013 4145 d)
1021 4095 1162 4144 Bavtmberg
1171 4096 1216 4146 013
1226 4095 1351 4137 Bavinbert
1360 4095 1400 4136 02.

281 4149 428 4202 effrenate
445 4155 478 4194 02
494 4164 581 4202 semper.
663 4152 751 4203 odeat
767 4155 794 4194 B.
885 4152 909 4204 g)
926 4153 1093 4202 Mogonoteuse
1110 4156 1154 4196 01.
1173 4156 1194 4196 2,
1277 4152 1301 4204 h)
1317 4154 1358 4193 du.
1373 4154 1398 4193 B.

281 4207 298 4260 i)
315 4210 400 4250 tactam
416 4211 459 4252 01.
476 4213 498 4253 2.
574 4210 599 4263 k)
617 4211 653 4253 1⁶.
669 4213 722 4262 1313
738 4207 814 4253 ducat
831 4214 875 4254 02.
951 4211 969 4263 l)
986 4213 1116 4264 Nyrtnbarg
1132 4212 1173 4252 01.
1242 4210 1274 4264 m)
1290 4212 1344 4250 deut
1359 4213 1397 4254 01.

284 4339 311 4408 1)
331 4339 485 4408 Eybertum.
567 4340 597 4409 2)
616 4343 635 4396 ι’.
656 4361 678 4396 e.
698 4344 769 4396 idem
780 4345 913 4411 facerent.
995 4346 1023 4409 3)
1048 4344 1091 4396 De
1110 4351 1225 4410 tempore
1243 4360 1268 4394 a.
1295 4342 1398 4396 Wakcl·

281 4430 364 4464 maan
382 4414 424 4477 II,
439 4431 470 4480 p.
492 4416 545 4466 274
569 4434 597 4470 a.
673 4415 702 4481 4)
738 4418 903 4472 Wrotirlooo.
988 4416 1019 4483 ὁ)
1050 4416 1127 4480 Quod
1150 4417 1254 4470 demam
1274 4433 1300 4470 a.
1322 4418 1397 4473 1212.

273 4486 383 4552 factam
401 4495 455 4549 θείς
474 4487 614 4540 Lehmann
631 4507 659 4556 p.
681 4491 730 4552 63,
755 4490 1164 4558 mntezmana11,p.aoaa.
1304 4491 1306 4494 ’
