2970 4996
291 388 343 440 100
474 384 661 438 eustonius
680 383 794 437 unuln
814 382 1059 437 OOLONIENSIS
1079 384 1112 434 A.
1136 383 1213 435 1158.

663 558 826 610 Recenaio
845 557 870 609 1.
890 559 983 611 codd.
1003 555 1037 608 A.

288 655 434 720 lanenses
466 674 507 717 ne
531 674 671 738 usquam
704 663 762 716 se·
799 652 1025 737 imperatoriae
1059 651 1218 716 maiestati
1255 650 1419 732 resistere,

289 738 486 804 deditionem
506 675 612 801 lacere
635 735 869 822 disposuerunt.
897 737 1062 822 Episcopo
1085 737 1193 821 itaque
1207 734 1418 820 precedente,

290 834 322 889 et
349 820 432 886 clero
461 842 499 885 ac
528 820 643 886 deinde
665 820 831 898 militibus,
863 820 905 885 ad
928 829 1110 886 extremum
1132 819 1227 904 plebe
1250 827 1419 904 sequente,

289 905 423 994 pulchro
436 905 620 990 spectaculo
632 905 674 970 ad
686 905 822 970 tentoria
833 905 877 968 im
903 906 1034 970 cratoris
1046 913 1281 990 processerunt,
1297 924 1420 989 pacem

290 1002 322 1056 et
349 989 602 1054 misericordiam
632 987 839 1074 postulantes.
879 926 1063 1087 lmperator
1084 991 1193 1075 itaque
1216 1009 1258 1052 ex
1281 985 1419 1052 consilio

289 1076 475 1161 principum
502 1075 628 1138 veniam
656 1094 835 1159 pacemque
862 1073 955 1137 victrs
986 1072 1119 1137 indulsit
1141 1072 1201 1136 sub
1225 1072 1421 1156 congruenti

292 1158 474 1224 conditione
497 1165 528 1222 et
550 1157 648 1221 annui
670 1157 783 1222 tributi
804 1155 1027 1224 redibitione1.
1078 1158 1179 1222 Facta
1200 1164 1249 1220 est
1271 1154 1421 1220 conditio

192 1243 385 1308 seveobuius
419 1243 572 1306 victoriae
606 1242 640 1304 in
674 1241 839 1306 nativitate
868 1241 931 1304 Dei
959 1242 1123 1325 genitricis
1154 1241 1287 1310 Mariae.
1338 1239 1422 1339 Ipsa

291 1327 343 1392 die
359 1347 470 1390 caesar
483 1335 654 1390 coronatus
666 1324 885 1389 Mediolanum
899 1326 1037 1407 intravit,
1061 1324 1168 1390 multis
1182 1335 1255 1390 ante
1278 1324 1335 1388 seb
1359 1347 1421 1387 rm-

291 1409 492 1498 potatoribus
521 1409 582 1473 hoc
614 1411 760 1494 ingressu
788 1420 914 1507 negato.
968 1410 1082 1494 Itaque
1108 1411 1284 1494 imperator
1316 1409 1422 1472 victo-

291 1496 395 1560 riosus
418 1492 494 1557 inde
517 1493 690 1578 digressus,
719 1505 860 1579 acceptis
883 1492 1051 1559 obsidibus
1072 1492 1138 1559 fere
1160 1494 1234 1574 500,
1265 1491 1353 1556 velut
1378 1490 1421 1556 de

291 1577 473 1644 Mediolano
502 1598 645 1658 securus,
678 1578 720 1641 ad
753 1576 814 1641 alia
841 1579 972 1662 negotia
991 1578 1129 1642 intendit
1151 1579 1303 1641 animum.
1348 1576 1422 1641 Nec

292 1664 391 1728 multo
414 1671 509 1748 post²
532 1660 724 1726 Reinoldum
747 1660 973 1726 cancellarium
996 1670 1028 1726 et
1051 1661 1281 1727 Ouonradum³
1303 1659 1421 1745 palati-

291 1760 390 1812 num⁰
419 1747 507 1810 misit
539 1745 757 1811 Mediolanum
786 1767 845 1831 pro
874 1746 1056 1810 conditione
1085 1746 1211 1827 tributi,
1246 1744 1334 1831 quod
1372 1745 1420 1810 eis

291 1834 385 1898 victis
407 1834 603 1917 inposuerat.
646 1828 902 1894 Mediolanenses
925 1852 1002 1894 vero
1025 1831 1189 1914 ingenitae
1211 1830 1272 1895 sibi
1294 1829 1421 1894 fraudis

292 1939 469 1998 memores,
506 1936 621 1979 necare
653 1913 776 2000 legatos
810 1915 1013 1999 imperatoris
1046 1922 1078 1978 et
1109 1912 1231 1978 bellum
1263 1915 1421 1978 innovare

292 2001 528 2086 disposuerunt.
571 1998 668 2080 Quod
695 2019 766 2061 cum
790 1996 978 2063 cancellario
1001 2007 1033 2062 et
1054 1997 1195 2084 palatino
1217 1998 1421 2080 innotuisset,

292 2094 415 2149 mutato
444 2083 557 2147 habitu
585 2090 678 2147 nocte
707 2082 748 2146 de
775 2082 903 2147 civitate
925 2081 1095 2167 fugientes,
1126 2083 1168 2146 ad
1189 2083 1420 2168 imperatorem

292 2177 450 2234 venerunt
470 2167 547 2231 etei
562 2164 687 2251 singula
702 2189 784 2253 quae
800 2166 984 2231 acciderant
1004 2166 1237 2231 indicaverunt.
1288 2164 1418 2245 Quibus

293 2252 439 2336 cognitio,
462 2251 636 2335 imperator
651 2249 757 2315 furore
773 2272 958 2326 succensus,
981 2251 1111 2315 directis
1127 2249 1206 2314 undi
1229 2269 1271 2314 ue
1285 2251 1418 2332 nuntiis,

293 2337 456 2422 principes
479 2343 511 2398 et
532 2335 709 2399 exercitum
732 2335 902 2400 readunari
917 2336 1010 2401 iussit
1024 2356 1063 2398 ac
1077 2335 1182 2400 denuo
1198 2273 1417 2400 Mediolanum

293 2419 433 2484 obsideri
466 2417 645 2500 mandavit3
682 2420 728 2482 sic
751 2442 792 2484 ue
825 2442 883 2505 per
914 2421 1085 2484 triennium
1117 2420 1150 2482 in
1184 2418 1353 2483 obsidione
1387 2425 1419 2482 et

293 2505 471 2568 vastatione
493 2524 558 2567 non
580 2504 678 2585 urbis,
702 2441 757 2568 sed
779 2503 920 2589 regionis
942 2502 1114 2567 insudavit.

632 2648 797 2700 Beoeuaio
818 2647 859 2697 ΙΙ.
879 2647 972 2698 codd.
992 2648 1027 2698 B.
1049 2647 1077 2698 0.

294 2723 483 2788 imperatoriae
491 2723 623 2773 maiestati
636 2724 769 2783 resistere,
784 2721 952 2771 dedicionem
962 2722 1053 2771 facere
1064 2721 1261 2787 disposuerunt.
1280 2723 1419 2792 Episcopo

295 2802 386 2848 autem
409 2795 581 2861 precedente,
612 2801 638 2846 et
663 2795 734 2846 clero
755 2811 788 2845 ac
808 2792 906 2844 deinde
926 2795 1063 2855 militibus,
1092 2789 1149 2844 add
1170 2800 1317 2845 extremum
1337 2796 1419 2862 plebe

295 2874 439 2939 sequente,
471 2867 583 2934 pulchro
615 2868 770 2933 spectaculo
802 2870 837 2918 ad
869 2869 985 2918 tentoria
1018 2870 1187 2935 imperatoris
1219 2875 1418 2935 processerunt,

295 2957 389 3010 pacem
420 2946 447 2990 et
473 2941 683 2991 misericordiam
717 2940 892 3007 postulantes.
938 2941 1089 3006 Imperator
1119 2943 1211 3007 itaque
1242 2958 1274 2991 ex
1304 2941 1419 2993 consilio

295 3015 445 3082 principum
473 3016 579 3065 veniam
609 3030 757 3080 pacemque
785 3016 864 3064 victis
883 3013 996 3065 indulsit
1014 3015 1063 3065 snb
1084 3016 1242 3080 congruenti
1262 3015 1419 3066 conditione

295 3095 322 3140 et
341 3089 423 3138 annui
441 3088 533 3138 tributi
551 3087 720 3143 redibitione.
749 3089 835 3137 Facta
855 3092 896 3138 est
916 3087 1033 3138 conditio
1053 3089 1131 3138 huius
1151 3089 1280 3138 victoriae
1299 3091 1328 3138 in
1347 3091 1420 3140 nati·

293 3164 377 3214 vitate
398 3162 451 3211 Dei
480 3162 618 3226 genitricis
646 3162 757 3214 Mariae.
800 3161 884 3226 Ipsae
905 3160 948 3210 dic
976 3176 1051 3212 cesar
1071 3167 1212 3213 coronatus
1232 3161 1420 3214 Mediolanum

294 3237 413 3295 intravit,
442 3235 531 3286 multis
562 3242 623 3285 ante
654 3251 683 3286 se
708 3234 913 3300 imperatoribus
939 3235 991 3284 hoc
1015 3236 1139 3300 ingressu
1164 3239 1271 3300 negato.
1317 3235 1418 3302 Itaque

293 3312 438 3376 imperator
457 3309 616 3359 victoriosus
636 3307 699 3358 iudo
720 3308 865 3374 digressus,
885 3309 1005 3373 acceptis
1026 3308 1165 3359 obsidibus
1184 3309 1240 3358 fere
1257 3308 1320 3368 500,
1341 3310 1419 3361 velut

293 3384 328 3435 de
354 3380 507 3433 Mediolano
532 3398 649 3444 securus,
678 3381 713 3430 ad
739 3381 793 3430 alia
818 3382 933 3446 negocia
958 3381 1072 3431 intendit
1091 3382 1216 3433 animum.
1254 3382 1312 3431 Nec
1331 3382 1418 3434 multo

293 3461 356 3524 post
368 3455 529 3506 Reinoldum
550 3455 741 3506 ‹cancellarium
762 3461 788 3505 et
808 3453 961 3504 Cunradum
981 3454 1131 3520 palatinum
1144 3456 1217 3505 misit
1230 3455 1417 3506 Mediolanum

293 3546 341 3597 pro
363 3529 516 3580 conditione
536 3529 635 3592 tributi,
655 3528 727 3595 quod
748 3530 786 3578 sis
804 3528 885 3578 victis
904 3529 1077 3594 imposuerat.
1114 3527 1331 3580 Mediolanenses
1352 3546 1418 3581 vero

293 3604 415 3668 ingenite
443 3603 495 3652 sibi
521 3601 622 3652 fraudis
652 3616 790 3662 memores,
817 3616 915 3650 necare
938 3601 1045 3666 legatos
1069 3602 1237 3668 imperatoris
1266 3608 1292 3653 et
1315 3602 1418 3654 bellum

294 3678 423 3726 innovare
453 3673 648 3739 disposuerunt.
686 3672 764 3734 Quod
792 3688 852 3723 cnm
879 3673 1041 3725 cancellario
1061 3680 1089 3725 et
1108 3675 1227 3740 palatino
1247 3676 1418 3740 innotuisset,

295 3753 397 3799 mutato
423 3746 516 3797 habitu
534 3751 613 3796 nocto
630 3746 664 3796 de
685 3746 793 3795 civitate
812 3745 956 3811 fugientes,
977 3747 1011 3797 ad
1030 3748 1217 3813 imperatorem
1237 3755 1371 3800 venerunt
1391 3755 1419 3800 et

296 3823 323 3874 ei
341 3819 448 3885 singula
468 3833 536 3884 quae
556 3819 713 3869 acciderant
739 3819 936 3870 indicaverunt.
993 3822 1095 3882 Quibus
1116 3823 1241 3885 cognitis,
1270 3823 1418 3888 imperator

294 3895 382 3945 furore
410 3907 569 3954 succensus,
605 3892 713 3943 directis
742 3891 861 3958 undique
893 3893 1013 3956 nunciis,
1045 3895 1180 3961 principes
1210 3901 1236 3945 ct
1268 3898 1417 3947 exercitum

294 3967 438 4020 readunari
461 3967 539 4017 iussit
562 3981 595 4016 ac
619 3966 706 4017 denno
725 3966 908 4018 Mediolanum
934 3966 1052 4017 obsideri
1072 3967 1221 4030 mandavit3
1254 3971 1347 4034 sicque
1369 3986 1418 4036 per

295 4042 438 4092 triennium
457 4041 486 4090 in
505 4039 646 4090 obsidione
666 4047 693 4091 et
711 4042 862 4091 vastatione
882 4055 935 4090 nou
953 4040 1036 4101 urbis,
1066 4039 1114 4091 sed
1134 4043 1251 4105 regionis
1271 4043 1418 4094 insudavit.

295 4184 503 4238 a)t.m.seAl.
557 4185 581 4238 b)
597 4186 718 4228 deesffll.
773 4186 794 4238 c)
809 4185 963 4238 parentas.
994 4202 1023 4223 =
1054 4185 1077 4237 d)
1093 4187 1150 4227 deest
1166 4187 1210 4229 02.
1262 4184 1285 4238 e)
1302 4188 1357 4237 Ipso
1374 4188 1418 4232 02.

299 4313 327 4384 1)
345 4310 422 4369 Haec
445 4315 524 4368 nimis
544 4317 674 4383 ampliato
692 4324 762 4370 sant.
837 4318 866 4384 2)
893 4318 1009 4372 Ianuar.
1037 4320 1116 4370 1159.
1193 4320 1223 4387 3)
1246 4318 1364 4372 Ottonem
1384 4321 1415 4374 de

302 4389 498 4453 matisconen,-
516 4389 553 4457 cf.
595 4391 675 4443 Geato
694 4389 771 4443 Frid.
791 4390 844 4454 IV,
875 4393 918 4442 21.
