2944 5002
235 346 242 361 '
285 337 531 415 conrmulrrc
549 362 705 415 nnarnu
727 363 980 418 conoumnsrs.
1140 367 1194 418 aaa

71 530 252 616 Hospitalis
289 531 399 597 Sancti
436 529 587 595 lobannis
629 531 664 594 in
699 528 784 596 bello
821 529 921 595 multo
958 530 1067 598 labore
1102 555 1193 598 rccu-

95 624 214 681 aratur.

1 728 3 738 s
38 769 41 773 ,
70 637 92 701 p
149 699 283 780 ¹Horum
320 699 422 762 eciam
455 691 641 783 'principum
678 697 886 784 temporibus,
922 697 1076 764 videlicet
1107 721 1191 766 anno

11 828 31 852 .,
71 783 207 846 Domini
232 784 323 865 1326,
355 781 476 846 heresis
506 781 645 868 quedam
676 780 843 868 propalata
861 792 922 847 est
950 781 1091 864 Colonia,
1129 807 1191 871 que

70 867 164 931 annis
187 865 348 952 aliquibus
371 865 551 948 duraverat,
579 865 741 952 adquam
771 866 1018 930 examinandam
1048 888 1121 931 cum
1149 890 1191 932 ex

69 961 227 1037 precepto
242 950 364 1015 domini
384 950 533 1014 Heinrici
553 948 787 1036 archiepiscopi
803 949 1004 1015 coloniensis
1026 951 1087 1015 viri
1109 949 1191 1016 litte-

70 1036 143 1117 rati,
166 1037 279 1100 fratres
300 1033 533 1114 Predicatorcs,
555 1033 696 1098 Minores
725 1031 832 1098 etalii
855 1056 952 1120 quarn
982 1033 1091 1119 plures
1119 1035 1190 1100 reli-

69 1119 157 1204 giosi
173 1119 320 1184 advocati
336 1118 471 1182 fuissent
485 1126 517 1182 et
530 1119 635 1204 ipsam
646 1117 784 1182 heresim
799 1119 942 1182 maxima
957 1117 1190 1184 deliberacione

70 1212 105 1268 et
131 1201 232 1268 multo
258 1211 401 1287 ternpore
431 1203 639 1284 discuterent,
673 1201 796 1288 aliquos
828 1224 870 1266 ex
901 1203 982 1288 ipsis
1009 1201 1051 1266 ad
1080 1224 1190 1267 veram

69 1285 170 1351 fidem
193 1295 428 1367 converterunt,
451 1284 576 1350 duobus
599 1284 818 1351 sacerdotibus
842 1296 873 1351 et
887 1307 952 1350 uno
974 1286 1054 1350 laico
1078 1295 1110 1350 et
1132 1309 1190 1354 sex

71 1371 202 1436 feminis
231 1372 264 1434 in
294 1369 429 1456 perfidia
456 1369 744 1455 perseverantibus.
788 1369 880 1434 Unus
909 1379 1016 1435 autem
1044 1370 1083 1434 de
1113 1369 1191 1436 duo-

71 1455 133 1520 bus
160 1453 378 1520 sacerdotibus
396 1456 534 1518 nomine
562 1453 764 1535 Waltherus,
794 1456 851 1540 qui
885 1462 917 1517 et
946 1454 1059 1519 ductor
1087 1455 1190 1540 ipsius
1230 1523 1231 1526 ,

68 1537 192 1687 heresiis
222 1540 336 1621 extitit,
366 1538 459 1603 vivus
489 1547 623 1602 exustus
645 1547 724 1621 est1,
753 1538 915 1625 ceterique
944 1549 1100 1624 perpetuo
1123 1561 1190 1603 car-

8 1649 11 1655 ·
69 1624 139 1688 ceri
182 1624 313 1688 eutati.

154 1646 259 1793 Igilur
280 1716 509 1792 postmortem
532 1705 605 1771 dive
635 1707 787 1770 memorie
809 1705 956 1769 Heinrici
986 1705 1189 1792 imperatoris

67 1792 234 1878 principes
256 1801 287 1856 et
308 1791 454 1856 civitates
474 1789 565 1856 ltalia
587 1791 621 1853 in
644 1791 804 1855 contraria
819 1789 926 1854 studia
944 1789 1189 1874 scindebantur,

68 1875 157 1941 unde
180 1886 213 1941 ct
233 1874 438 1960 alienigenas,
462 1872 584 1938 scilicet
607 1874 784 1939 Germanos
806 1883 839 1938 et
861 1871 1001 1937 Gallicos
1022 1873 1075 1938 vel
1096 1896 1190 1961 quos-

67 1981 197 2047 cunque
233 1958 322 2042 alioa
357 1959 482 2044 magnis
519 1958 687 2044 stipendiis
724 1957 786 2022 sibi
819 1955 1036 2040 attrahebant,
1072 1959 1118 2022 ita
1154 1968 1191 2023 ut

68 2045 200 2129 cognati
222 2050 374 2128 cognatos
396 2053 428 2108 et
448 2042 560 2106 affines
588 2052 620 2107 et
640 2043 741 2106 vicini
768 2043 892 2107 vicinos
920 2041 1137 2108 interficerent
1158 2052 1190 2107 et

66 2128 335 2214 pessumdarent
358 2126 454 2209 Quod
476 2126 550 2192 ideo
565 2128 685 2191 factum
701 2136 758 2205 est,
779 2134 816 2196 ut
829 2124 1042 2212 plurimorum
1058 2127 1190 2212 opinioa

69 2234 105 2276 se
121 2211 227 2293 habet,
273 2212 326 2276 uia
340 2233 473 2296 regnum
489 2209 604 2276 celeste
620 2209 808 2297 acephalum
815 2212 839 2295 ¹),
862 2209 961 2275 idest
983 2211 1052 2275 sine
1074 2211 1190 2297 capite,

68 2297 187 2362 extitit.
263 2295 326 2360 nde
348 2317 478 2360 versus:

226 2381 317 2444 Dum
339 2389 440 2464 caput
462 2388 597 2465 eqrotct,
622 2380 729 2443 omnia
751 2379 892 2443 membra
914 2376 1031 2442 dolent.

155 2462 286 2528 Certum
308 2473 418 2528 autem
440 2475 497 2544 est,
520 2462 607 2550 quod
630 2464 764 2530 Creator
786 2483 842 2526 sue
864 2460 1006 2547 presidet
1033 2470 1189 2544 creature,

67 2556 101 2614 et
137 2547 224 2634 quod
259 2549 344 2614 iusto
380 2556 413 2612 et
447 2545 718 2645 irreprehensibili
753 2547 859 2646 agitur
892 2545 952 2611 Dei
989 2546 1117 2646 iudicio,
1155 2556 1191 2644 ut

66 2631 247 2698 secundum
283 2633 397 2697 merita
431 2630 506 2694 cleri
539 2640 572 2696 et
605 2629 717 2717 populi
748 2628 920 2716 ahquando
957 2629 1094 2694 ecclesra
1126 2629 1191 2694 Der

64 2715 186 2782 habeat
206 2716 413 2796 advocatum,
447 2714 617 2864 alipuandc
649 2713 789 2797 nullum,
822 2713 994 2801 aliquando
1022 2735 1106 2813 vero,
1124 2735 1188 2813 pro

63 2822 146 2886 rege
166 2802 348 2866 tirannum⁰
370 2799 412 2864 ad
426 2800 482 2864 vin
506 2800 628 2866 ratam‘¹
649 2798 860 2886 reproborum
883 2808 914 2863 et
936 2797 978 2862 ad
1000 2807 1190 2864 exercrtrum

68 2883 254 2950 electorum.

66 3046 91 3099 a)
109 3047 204 3098 oppinio
219 3058 237 3088 c.
298 3045 322 3097 b)
339 3047 490 3097 accephalum
506 3058 524 3088 c.
584 3044 605 3098 c)
622 3047 767 3086 thirrannum
783 3056 800 3086 c.
861 3041 885 3096 d)
901 3044 1004 3084 vinctam
1019 3054 1037 3086 c.

69 3179 99 3246 1)
121 3177 162 3246 Of.
182 3177 244 3231 Not.
265 3176 353 3232 Colca.
372 3179 391 3230 l.
410 3180 428 3230 l.
443 3197 474 3245 p.
494 3179 557 3231 365.
