2942 4998
321 405 356 455 30
475 400 662 456 cfluoulcs
681 401 793 453 nuum
814 399 1059 453 concinnitate
1078 401 1110 452 Δ.
1131 399 1288 452 tul-att.

259 577 311 621 Eli·
395 578 440 629 ³4.
478 578 509 627 Δ.
531 575 649 628 11911.
681 575 792 641 Signum
813 574 948 641 quoddam
967 575 1016 625 ins
1036 574 1095 626 celo
1108 577 1181 640 ignei
1195 575 1295 628 coloris
1312 579 1451 644 apparuit

393 651 439 700 37.
476 650 509 701 A.
529 649 565 699 D.
584 650 648 699 974.
686 649 750 700 Otto
769 650 915 716 imperator
933 663 1003 700 anno
1022 650 1098 714 regni
1114 649 1156 699 sni
1169 649 1213 710 38,
1232 651 1348 716 imperii
1365 656 1451 702 autem

322 725 365 776 13.
385 724 464 787 obiit;
490 724 565 773 cuius
594 737 689 788 corpus
716 737 775 772 cum
802 724 905 786 magnis
929 720 1083 788 legencium
1111 724 1231 788 exequiis
1254 739 1274 773 a
1299 722 1364 774 filio
1393 739 1452 788 rega

319 800 373 848 iam
392 798 464 848 facto
483 795 642 846 translatum
663 797 743 845 estin
758 795 892 846 civitatem
906 788 1098 861 Magatbnrgb,
1117 810 1197 861 quam
1211 797 1272 863 ipsa
1287 800 1452 849 construxit

322 872 385 938 Ipso
401 885 471 920 anno
487 875 596 921 sanctus
609 867 773 919 1111111111ο
787 869 978 934 episcopus
999 868 1186 919 defunctus
1206 875 1259 921 cst
1277 866 1450 936 1111111111-

320 950 446 1012 scopatus
464 945 506 994 sai
526 943 571 996 tn.

320 1016 398 1057 Anni
415 1015 538 1057 Ottcnls
553 1015 590 1055 11.

393 1077 427 1126 A.
448 1075 474 1125 d.
493 1076 512 1125 i.
532 1074 595 1136 975,
614 1074 649 1124 ab
667 1073 702 1126 U.
723 1077 813 1124 autam
833 1088 858 1123 1.
873 1073 951 1124 ttae.
984 1073 1047 1126 Otto
1065 1074 1209 1138 sccundus,
1228 1075 1327 1140 Magni
1341 1075 1449 1126 Ottonis

321 1147 400 1212 filius,
427 1147 471 1197 82.
497 1147 558 1198 loco
583 1146 617 1198 ab
640 1147 762 1212 Augusto
787 1161 901 1212 regnare
926 1148 1012 1214 cepit,
1038 1151 1065 1198 et
1089 1149 1167 1200 annis
1191 1161 1289 1198 novem
1315 1149 1449 1214 regnarit,

321 1221 470 1273 secundnm
490 1221 557 1271 alios
579 1219 622 1273 10.
653 1221 707 1270 Hic
725 1221 833 1272 virente
852 1225 928 1286 patre
940 1222 969 1270 in
981 1247 1018 1258 —
1034 1247 1064 1258 -·
1080 1220 1146 1273 sede
1165 1221 1271 1272 locatur
1288 1227 1447 1288 tempore

321 1295 507 1346 Benedicti
525 1309 621 1360 papa.

196 1379 311 1429 0111111.
396 1367 446 1418 Cui
470 1368 601 1418 successit
624 1366 758 1417 Iohannes
783 1365 856 1430 XIV,
885 1368 979 1432 prins
1005 1367 1089 1434 Papia
1116 1369 1315 1434 episcopus.
1363 1367 1446 1429 Quem

321 1441 477 1493 Bonifacins
497 1440 560 1491 VII.
589 1439 623 1489 de
653 1438 894 1505 Constantinopoli,
926 1456 978 1506 quo
1006 1442 1079 1506 prins
1107 1440 1222 1507 fugerat,
1250 1455 1394 1499 reversus,
1424 1441 1447 1489 iu

322 1513 434 1566 castello
450 1512 857 1578 811111111111111111131111θ
877 1512 986 1563 etfama
1002 1528 1225 1580 venenoque,
1245 1517 1276 1563 ut
1290 1513 1447 1579 perhibent

328 1659 529 1669 ---———-—q·

660 1675 822 1728 1111111111
842 1677 934 1730 codd.
954 1677 981 1728 B
995 1678 1019 1728 1.
1040 1675 1097 1727 Oa.

160 1779 216 1819 1111.
225 1779 310 1821 Brona.
395 1769 427 1820 A.
448 1769 473 1820 d.
493 1770 511 1820 i.
531 1768 594 1820 975.
614 1795 647 1806 -
663 1795 698 1806 ·-
714 1768 862 1820 secundnm
882 1768 950 1820 alios
972 1768 1014 1820 10.
1052 1769 1124 1819 Huic
1143 1773 1220 1834 pater
1238 1768 1333 1820 adhuc
1354 1771 1447 1822 virens

321 1843 404 1894 filiam
424 1843 551 1893 Iohannis
571 1842 716 1894 Gracorum
735 1843 903 1909 imperatoria
922 1842 1090 1908 Theophane
1107 1842 1215 1893 nominc
1233 1843 1261 1892 in
1288 1843 1446 1908 coniugium

321 1920 479 1979 sociaverat,
498 1915 630 1981 simulque
650 1931 710 1966 cum
735 1916 795 1982 ipsc
814 1917 926 1982 nupcias
951 1917 1008 1966 eius
1027 1915 1110 1982 Papia
1136 1914 1333 1978 celebraverat,
1358 1931 1376 1966 a
1396 1931 1446 1981 qus

321 1990 405 2040 filium
429 1990 536 2041 nomine
559 2003 607 2040 suo
632 1990 765 2054 insignem
789 1988 926 2055 filiamque
951 1988 1084 2040 vocabulo
1109 1988 1218 2040 Mathilt
1242 1994 1443 2054 procreaverat.

320 2064 374 2114 Hic
388 2064 500 2114 Romam
512 2061 657 2128 profectus,
678 2077 766 2112 coram
785 2064 873 2113 tocius
891 2063 969 2128 regni
986 2063 1137 2129 principum
1155 2063 1309 2128 frequentia
1328 2064 1367 2112 ab
1383 2078 1443 2129 apo·

321 2135 417 2188 stolicc
430 2135 522 2186 Leone
538 2150 611 2184 cum
623 2135 692 2186 The
701 2134 834 2201 ophanu
846 2151 928 2186 uxore
941 2135 1075 2202 imperiali
1088 2135 1277 2186 bencdictione
1292 2141 1443 2186 coronatur.

322 2209 447 2274 Suscepti
464 2208 555 2273 itaqua
574 2208 680 2274 imperii
699 2210 898 2260 strennuissime
912 2209 1057 2276 disponens
1073 2209 1265 2272 moderamina,
1284 2209 1444 2260 Lothariurn

321 2297 411 2347 regem
431 2280 559 2332 secedere
587 2282 660 2346 cogit
682 2297 699 2331 a
719 2282 815 2344 Gallia,
841 2298 909 2333 rem
933 2282 1109 2349 publicam
1133 2282 1284 2348 undique
1310 2297 1443 2347 augens

322 2360 356 2404 at
376 2355 546 2406 ordinans.
577 2353 713 2406 Defuncto
732 2360 793 2420 post
812 2355 862 2406 hec
875 2355 996 2406 Iohanne
1014 2356 1176 2422 imperatore
1190 2356 1349 2418 Grecorum,
1370 2361 1442 2422 patre

320 2428 495 2494 Theophann,
514 2427 621 2493 alioque
640 2443 704 2494 rege
723 2429 752 2477 iu
771 2427 831 2479 loco
850 2430 907 2479 ains
926 2428 1078 2491 substituta,
1098 2444 1158 2480 cum
1177 2428 1229 2480 sibi
1250 2428 1283 2479 de
1304 2427 1442 2491 Calabria,

320 2505 410 2553 uxoris
425 2516 472 2552 sue
486 2501 641 2562 hereditate,
656 2506 813 2552 consuetum
828 2501 1006 2567 denegaretur
1021 2501 1157 2567 tributum,
1177 2501 1442 2554 affirmantibus

322 2575 456 2636 Grecis,
484 2573 637 2625 Calabriam
662 2589 715 2625 non
734 2574 900 2641 Theophanu
924 2576 1111 2641 imperatricis,
1136 2575 1186 2626 sed
1212 2575 1396 2626 hereditatem
1420 2577 1443 2624 11

322 2648 412 2699 dotem
439 2662 498 2698 esse
521 2654 614 2698 sancte
641 2648 737 2706 crucis,
762 2663 843 2713 quam
862 2646 968 2698 Helena
993 2649 1087 2713 regina
1105 2648 1269 2700 Iarcsclimis
1294 2650 1442 2708 inventam,

321 2727 425 2787 partam
443 2719 546 2771 ibidem
570 2720 686 2786 reliquit,
710 2726 812 2786 partem
834 2721 1091 2788 Constantinopolim
1116 2722 1226 2772 invexit.
1264 2721 1347 2772 Unde
1375 2722 1442 2772 idem

320 2795 466 2860 imperator
479 2794 521 2843 ira
533 2799 689 2856 commotus,
710 2809 769 2843 cnm
789 2799 917 2854 exercitu,
937 2811 1016 2860 quem
1029 2793 1147 2845 habebat
1160 2797 1188 2845 in
1200 2796 1318 2860 presenti
1331 2809 1441 2846 numero

321 2869 484 2934 pauciorem,
499 2866 651 2918 calabriam
667 2866 817 2932 ingreditur
835 2871 869 2918 et
882 2867 1003 2919 Grecis
1022 2867 1150 2919 bellum
1168 2868 1309 2920 indicit.
1350 2865 1441 2931 Quot

321 2940 466 2994 audiens
485 2955 591 2991 novus
610 2956 684 3000 rex,
711 2945 926 3008 congregata
951 2940 1177 2992 multitudine
1204 2957 1357 3005 auorum,
1384 2941 1441 2991 Sar-

321 3028 499 3065 racenorum
519 3006 618 3065 etiams
632 3013 810 3080 plurimum
830 3015 1020 3065 exercitum
1038 3029 1102 3064 auro
1116 3020 1282 3080 argentoque
1295 3015 1442 3080 paciscitur
1461 3031 1465 3044 ·

320 3087 349 3136 in
378 3087 505 3138 auxilium
540 3092 572 3137 et
596 3092 720 3137 contra
746 3089 934 3138 exercitum
957 3087 1180 3154 imperatoris
1205 3087 1344 3152 dirigit.
1394 3087 1441 3149 Qut

320 3176 383 3210 mox
401 3161 569 3228 imperatoris
589 3162 734 3210 exercitum
755 3159 933 3226 explorantes,
956 3162 1037 3226 pauci
1056 3167 1149 3212 contra
1166 3162 1254 3228 ipsum
1273 3159 1309 3211 ad
1328 3161 1441 3227 prelium

320 3232 536 3299 proficiscuntur3
561 3233 659 3299 reliqui
678 3249 770 3284 omnes
788 3249 838 3300 per
859 3233 921 3286 loca
945 3233 1050 3284 insidiis
1076 3240 1207 3300 oportuna
1232 3234 1441 3300 circumquaque

321 3306 504 3375 disponuntur.
541 3308 637 3373 Pugna
656 3307 810 3370 conseritur,
836 3322 926 3358 ornnes
945 3308 1044 3372 pariter
1063 3307 1205 3359 sarraceni
1228 3313 1440 3374 prosternuntur.

321 3379 423 3432 Insidia
446 3381 597 3447 undique
624 3384 849 3445 consurgunt,
875 3379 1004 3431 bellum
1028 3381 1239 3446 ingravatur,
1264 3382 1440 3432 exercitus

320 3455 545 3520 imperatoris
564 3455 670 3519 sagittis
690 3454 876 3506 Grecorum
894 3452 996 3504 valde
1016 3455 1207 3506 sauciatur.
1249 3455 1364 3520 Iamque
1386 3453 1441 3503 diu·

320 3528 424 3578 tissima
443 3526 528 3594 prelio
547 3531 692 3592 protracto,
711 3525 831 3594 plurimis
851 3527 957 3588 occisis,
977 3526 1093 3577 Romani
1117 3527 1223 3594 imperii
1247 3527 1442 3578 strennuissimi

322 3600 476 3650 defensores
501 3599 620 3662 Buccho,
646 3600 796 3662 liliabant,
816 3599 877 3652 Udo
903 3595 1026 3652 ibidemh
1051 3599 1254 3651 interficiuntur.
1291 3600 1441 3666 Imperator

321 3687 385 3722 vero
415 3672 622 3732 confertissimas
651 3673 765 3724 hostium
794 3674 868 3725 acies
892 3669 1000 3740 inpetui
1022 3674 1231 3740 interrumpens,
1258 3678 1285 3724 11
1307 3674 1440 3739 utrimque

321 3745 392 3796 riam
412 3741 504 3809 gladio
523 3759 628 3808 secans,
646 3744 751 3808 lancea,
769 3744 855 3797 lorica
874 3748 1023 3812 ceterisque
1043 3747 1166 3798 omnibus
1186 3762 1237 3813 qua
1257 3749 1334 3797 oncri
1353 3751 1440 3798 essent

321 3818 401 3868 iactis
426 3817 454 3867 in
480 3832 561 3880 marc,
588 3833 656 3884 equo
684 3820 773 3879 etiam,
797 3821 840 3870 cni
863 3818 1008 3882 insederat,
1032 3817 1184 3888 deficiente,
1210 3819 1336 3890 fluctibus
1361 3821 1439 3870 maris

321 3894 379 3941 tota
407 3890 511 3941 innatat
543 3897 631 3962 nocte.
674 3893 755 3942 Mane
785 3907 847 3943 varo
873 3907 890 3941 a
910 3892 1090 3960 piscatoribus
1114 3898 1208 3958 captae
1233 3897 1261 3944 11
1284 3895 1347 3958 quis
1372 3896 1440 3944 11111

321 3964 509 4029 interrogatus,
535 3965 619 4016 occisi
643 3966 810 4032 imperatoris
836 3967 994 4031 armigerum
1020 3981 1049 4017 ae
1074 3982 1133 4017 esse
1157 3965 1304 4032 respondit.
1348 3963 1437 4028 Quod

322 4036 455 4103 quidam
465 4038 587 4102 Romani,
600 4041 657 4104 qni
669 4035 865 4106 periculum
878 4041 997 4090 mortis
1011 4035 1225 4102 evaserantk,
1242 4038 1437 4098 audientes,

321 4125 369 4178 pro
398 4126 475 4162 servo
504 4111 640 4163 dominum
666 4112 758 4180 precio
783 4110 924 4174 redimunt,
950 4112 1062 4163 Romam
1088 4113 1166 4164 mesti
1191 4112 1292 4177 letique
1316 4111 1436 4163 redeunt.

321 4295 344 4348 1)
369 4293 385 4333 1.
406 4304 426 4335 c.
448 4294 473 4336 ln
496 4305 516 4336 c.
537 4294 582 4346 02,
605 4295 644 4346 qni
662 4295 750 4345 saeptos
764 4295 877 4335 verborum
894 4295 993 4334 ordinem
1007 4294 1104 4335 mutavit
1179 4291 1351 4345 remersburg
1368 4294 1437 4337 011.

321 4352 343 4404 1)
359 4339 436 4395 dicer.
454 4353 498 4394 01.
544 4352 568 4406 d)
584 4363 605 4394 a.
622 4365 643 4396 e.
659 4365 677 4396 a.
694 4355 732 4396 eo.
749 4354 852 4395 1111111.
898 4353 920 4406 1)
937 4353 1066 4394 11111111.
1083 4354 1137 4403 B13
1153 4352 1344 4405 rerag.oa.=r)
1363 4354 1437 4394 1101.

320 4410 345 4465 ε)
360 4411 463 4455 Elschart
479 4413 523 4454 02.
582 4411 607 4464 h)
623 4413 656 4454 Ibt
672 4413 716 4457 02.
776 4413 794 4465 I)
810 4414 866 4453 deest
882 4413 925 4454 01.
985 4409 1011 4465 t)
1026 4412 1154 4454 eraderent
1168 4413 1218 4452 131.
