2934 4998
232 413 283 462 EX
302 412 491 464 EPISTOLIS
512 411 687 463 GUIBER'PI
708 410 996 466 GEMBLAOENSIs.
1125 413 1180 464 323

59 659 117 712 EX
130 657 334 712 EPISTOLIS
358 658 550 710 GUIBERTI
570 585 865 711 sthLAOENsls
887 659 940 711 AD
963 657 1183 712 PHILIPPUM

234 731 574 784 AROHIEPISOOPUM
590 731 868 785 UOLONIENSEM
881 731 1009 785 DATIS.

610 839 625 898 1

146 920 198 984 Ea
229 930 335 986 mente
365 920 439 985 veni
473 885 657 1001 Coloniam,
693 920 751 985 nbi
781 943 839 986 vos
870 942 929 1007 per
960 918 993 984 id
1025 922 1179 1006 temporis
1183 917 1331 1028 ffidm'

59 1003 232 1090 diligenter
253 1005 449 1090 investigans
471 1027 541 1068 esse
562 1025 791 1090 compereram.
841 1005 886 1070 Et
907 1026 982 1070 ecce
1007 1004 1083 1069 dum
1105 1004 1205 1068 fluc'
1267 1007 1275 1021 ‘

59 1090 241 1154 tuationem
273 1091 358 1153 nitor
386 1088 531 1171 evadere,
563 1110 647 1174 pene
678 1088 756 1152 mihi
782 1091 873 1154 visus
906 1112 977 1153 sum
1009 1090 1180 1153 incurrisse

58 1173 279 1259 naufragium,
310 1195 371 1239 nec
401 1172 535 1238 multum
564 1173 683 1256 aberat,
714 1174 792 1259 quin
820 1175 946 1260 penitus
974 1196 994 1237 a
1018 1196 1081 1259 -spe
1109 1193 1182 1237 mea

60 1257 264 1341 deciderem,
298 1259 374 1344 quia
401 1257 508 1322 inveni
530 1278 588 1321 vos
614 1265 662 1320 tot
688 1259 787 1343 septis
809 1280 829 1322 a
848 1256 979 1345 publico
1008 1268 1180 1345 conspectu

62 1340 293 1425 interclusum,
321 1354 369 1407 tot
397 1363 544 1405 curarum
577 1339 715 1407 molibus
742 1363 949 1428 oppressum,
978 1352 1016 1407 ut
1043 1363 1103 1407 nec
1128 1340 1181 1407 vel

59 1425 194 1490 modica
221 1426 299 1490 mihi
327 1424 461 1490 facultas
484 1426 650 1490 vobiscum
670 1424 824 1513 loquendi
854 1427 905 1492 vcl
934 1426 1046 1491 saltem
1073 1425 1182 1491 aliua

57 1509 195 1574 videndi
216 1532 274 1575 vos
296 1512 390 1597 copia
412 1531 578 1574 occurrere
599 1531 695 1596 posse
707 1520 884 1659 putaretur.
920 1512 1006 1575 Hinc
1019 1449 1257 1577 assidebatnsr.

58 1593 233 1659 cardinalis
254 1593 379 1680 legatus
390 1595 555 1660 Romanae
577 1595 685 1659 curiae
731 1617 844 1660 omnus
859 1596 974 1661 Petrus
988 1596 1178 1681 Papyensis,

58 1678 308 1744 aecclesiasticis
330 1680 485 1765 negociis,
507 1700 569 1764 que
590 1687 697 1765 preter
724 1681 919 1765 presentiam
946 1690 1086 1745 vestram
1117 1690 1178 1745 ter-

56 1765 184 1826 minare
205 1761 256 1828 vel
277 1761 407 1829 nolebat
427 1762 478 1828 vel
495 1784 564 1827 non
579 1761 716 1844 valebat,
737 1785 796 1828 vos
816 1767 970 1829 interesse
990 1763 1179 1850 deposcens,

57 1847 139 1912 hinc
166 1847 314 1912 astabant
334 1847 386 1913 vel
411 1847 515 1932 magis
542 1847 707 1912 irruebant
734 1847 833 1914 duces
872 1849 1005 1913 comites
1028 1856 1059 1913 et
1080 1850 1179 1913 totius

55 1932 240 2018 provintiae
262 1941 426 2017 magnates
449 1953 522 1996 cum
543 1931 609 1996 fere
630 1897 856 1999 innumerabili
872 1932 1009 1996 militum
1030 1942 1063 1997 et
1082 1930 1179 1996 clien-

57 2029 133 2081 tum
155 2015 368 2098 multitudine,
392 2036 472 2103 quos
498 2015 723 2103 undecumque
750 2039 788 2080 eo
818 2025 1022 2083 contraxerat
1042 2017 1178 2103 impera-

57 2102 141 2165 toris
163 2112 195 2166 et
214 2113 320 2165 vester
341 2100 396 2165 diu
416 2101 639 2186 prenuntiatus
661 2109 692 2164 ct
714 2101 831 2166 cotidie
852 2111 1020 2187 suspectus
1041 2111 1074 2166 et
1094 2100 1179 2165 citis-

58 2186 142 2251 sime
162 2186 362 2249 necessarius
383 2206 442 2271 pro
464 2184 620 2249 aecclesia
645 2185 678 2249 in
700 2207 779 2271 pace
801 2185 920 2252 tuenda
947 2186 981 2248 in
1003 2186 1179 2272 expeditio-

56 2291 136 2334 nem
166 2268 361 2334 Saxonicam
390 2280 502 2334 contra
529 2266 721 2354 singularem
752 2279 785 2334 et
811 2269 914 2334 ferum
942 2293 1057 2356 aprum
1086 2269 1177 2335 illum

58 2352 297 2419 devastatorem
319 2355 432 2418 vineae
453 2354 605 2417 Domini¹
630 2375 789 2438 egressus,
809 2354 880 2419 aliis
909 2354 949 2420 de
971 2354 1120 2420 cubiculo
1143 2356 1177 2420 in

58 2436 257 2519 cubiculum,
279 2437 319 2502 de
335 2436 467 2502 consilio
481 2437 516 2500 in
538 2437 776 2503 consiliumvos
798 2438 1006 2522 trahentibus,
1029 2438 1099 2504 aliis
1122 2461 1176 2503 ex-

57 2543 188 2622 pensas,
210 2520 280 2586 ahie
295 2522 548 2609 redemptionem
564 2523 846 2609 oppigneratorum
870 2525 1082 2608 exigentibus,
1104 2523 1177 2588 aliis

57 2615 214 2671 incertam
230 2608 390 2672 exercitus
405 2606 607 2672 eductionem
621 2607 879 2706 prestolantibus.
902 2659 909 2674 .
926 2657 934 2673 .
950 2657 958 2672 .
975 2608 1177 2696 Sequebatur

57 2712 119 2757 vos
151 2688 321 2755 multitudo
354 2707 525 2778 procerum
555 2699 588 2754 et
621 2692 845 2792 rmpingebant
876 2693 910 2756 in
939 2695 1037 2776 ostia,
1066 2694 1177 2758 invitis

58 2785 92 2840 et
112 2796 179 2839 non
200 2773 380 2840 valentibus
402 2796 510 2840 arcere
531 2773 771 2924 illos2ost1ariis.
788 2826 795 2842 .
812 2826 843 2843 ..

60 2991 93 3010 ..
118 2993 126 3007 .
151 2997 156 3010 .
181 2991 189 3007 .
212 2952 315 3007 totum
336 2945 512 3028 negotium,
526 2965 584 3030 pro
607 2965 670 3092 luo
691 2943 804 3009 Leodii
826 2954 1002 3008 conventus
1022 2947 1083 3011 istc
1103 2960 1262 3031 pro-mlo·

58 3048 169 3093 cerum
203 3027 354 3093 collectus
381 3038 439 3111 est,
473 3028 515 3093 ad
543 3027 716 3094 aecoesiae
748 3026 916 3092 utilitatem
947 3027 1116 3094 inflectatis
1145 3041 1178 3096 ct

58 3111 296 3176 dissensionum
310 3121 525 3197 tempestates,
541 3133 623 3199 quac
636 3110 765 3176 horride
779 3112 956 3195 imminent,
976 3115 1009 3175 in
1024 3113 1176 3200 tranquil·
1238 3171 1241 3175 .

57 3194 184 3261 litatem
205 3198 406 3262 convertatis.
422 3243 429 3260 .
445 3242 453 3260 .
470 3245 477 3262 .

49 3330 68 3358 ,
84 3327 93 3344 .
111 3327 119 3344 .
137 3287 175 3343 ut
195 3301 261 3344 non
282 3279 385 3344 solum
406 3302 537 3366 presens
551 3300 720 3365 procerum
739 3289 924 3362 conventus,
946 3279 1003 3344 scd
1025 3289 1056 3346 et
1077 3282 1176 3368 impc-

58 3363 148 3430 rialis
163 3361 237 3429 aula
252 3373 284 3429 et
297 3365 471 3450 imperator
484 3366 553 3451 ipse
571 3363 719 3514 degcorde
731 3376 763 3430 et
774 3386 828 3429 ore
839 3374 944 3430 vestro
955 3365 1102 3451 pendeat.
1119 3415 1126 3430 .
1143 3413 1151 3430 .
1167 3416 1175 3432 .

145 3532 228 3598 Nam
250 3541 283 3598 et
301 3533 452 3618 preterito
481 3555 564 3596 anno
592 3534 625 3597 in
653 3532 898 3620 quadragesima
923 3555 1041 3620 magno
1062 3534 1262 3600 Leonis-aa

58 3617 201 3682 adunato
227 3638 397 3703 procerum
423 3626 602 3700 conventu,
629 3619 714 3683 inter
740 3617 804 3682 duo
825 3639 925 3703 regna
951 3619 1016 3683 iam
1037 3621 1176 3720 graviter
1185 3639 1252 3681 uss.

59 3701 307 3783 dissidentiam
329 3701 461 3768 ulterius
481 3703 516 3765 in
537 3700 723 3768 alterutrum
741 3713 955 3786 moverentur,
977 3703 1175 3803 oppitulante

57 3807 137 3852 vero
158 3786 294 3871 pacifico
316 3786 431 3850 summi
446 3786 545 3871 Regis
560 3785 642 3851 Filio
658 3808 771 3872 pacem
786 3784 920 3852 solidam
935 3789 1122 3854 restituisti²
1144 3798 1177 3854 et

59 3871 224 3936 civitatem
245 3870 257 3933 i
281 3891 349 3934 sam
370 3868 475 3935 stultis
504 3879 536 3935 et
560 3871 770 3936 interminatis
797 3870 1008 3958 quorumdam
1038 3875 1175 3959 questio-

58 3954 156 4021 nibus
185 3975 228 4018 cx
249 3892 313 4019 dds
334 3963 367 4019 et
387 3955 538 4019 misteriis
567 3955 670 4041 ipsius
697 3955 773 4020 fidei
795 3956 872 4021 ortis
892 3956 1111 4040 perturbatam
1133 3957 1176 4024 ad

59 4039 191 4104 unitatis
213 4038 369 4104 catholice
390 4060 580 4104 consensum
602 4039 783 4105 revocando
799 4040 984 4105 correxistis
1006 4050 1038 4106 et
1058 4042 1175 4109 nudius

58 4125 176 4188 tercius
209 4123 323 4187 iterato
356 4122 496 4187 adventu
517 4133 550 4189 et
571 4145 709 4188 excursu
744 4124 944 4212 prolungato,
980 4125 1065 4192 inter
1093 4126 1175 4192 duos

58 4209 231 4295 principes,
264 4207 380 4272 ducem
409 4206 532 4273 scilicet
552 4207 785 4275 Lovaniensem
814 4217 846 4273 et
872 4209 1022 4274 comitem
1043 4211 1174 4298 Hayno-

61 4373 89 4437 1)
107 4369 256 4424 Hearicam
274 4369 387 4422 Leonam
409 4368 539 4438 inrumpit.
652 4371 681 4440 2)
706 4372 746 4438 Cf.
772 4370 901 4440 Sipeberti
927 4371 1000 4427 Oont.
1026 4373 1173 4444 Aquicinet.

62 4463 87 4497 a.
109 4445 188 4509 1182,
209 4443 259 4497 Sd.
285 4443 332 4508 VI,
346 4461 377 4510 p.
397 4444 459 4495 420.

872 4533 939 4600 21*
