2970 4996
281 421 468 475 OHRONIGA
486 419 600 473 suem
620 420 862 474 OOLONIENSIS
882 421 915 473 A.
936 420 1016 472 1167.
1151 423 1203 474 119

484 591 646 646 Berensis
667 593 691 646 I.
712 603 743 646 ct
761 594 808 645 II.

72 679 241 766 sapientia
267 687 298 744 et
313 679 469 743 industria
485 677 640 742 mirabilis
657 687 689 742 et
703 679 812 777 inquo
827 681 970 744 maxima
988 699 1064 764 pars
1082 679 1203 765 gloriae

71 764 284 849 imperatoris
297 771 372 845 erat,
384 764 418 826 in
438 761 551 848 vigilia
561 764 789 847 assumptioms
799 763 913 829 beatae
924 763 1045 827 Mariae
1057 762 1203 847 decessit,
1214 779 1270 831 Ava-
1281 779 1317 821 14·

73 847 234 911 omnihus
256 847 461 912 sacramentis
484 845 719 927 ecclesiasticis,
742 845 863 912 scilicet
885 847 1092 929 confessione,
1115 869 1201 911 com-

71 932 245 1013 munione,
265 931 426 1012 unctione,
449 930 654 994 devotissime
676 932 842 1015 susceptis,
879 940 912 995 et
931 938 1122 995 testamento
1145 952 1202 995 suo

73 1013 380 1079 commendabiliter
402 1013 547 1078 ordinato
570 1022 601 1078 et
623 1015 815 1098 conscripto.
855 1013 948 1079 Oirca
968 1012 1053 1077 idem
1075 1023 1203 1099 tempus

72 1098 265 1163 Fhiden'cus
273 1097 402 1162 illustris
411 1099 478 1162 dux
491 1098 639 1179 Sueviae,
654 1096 739 1160 filius
756 1096 919 1162 Ouonradi
930 1098 1025 1182 regis,
1042 1097 1202 1181 occubuit,

74 1190 131 1246 δί’
152 1181 294 1267 Welpho
316 1183 431 1263 iunior,
455 1188 582 1246 etcum
605 1202 643 1245 eo
663 1187 755 1246 'tanta
775 1179 944 1246 multitudo
967 1182 1202 1266 episcoporum,

72 1265 247 1347 abbatum,
262 1267 453 1352 principum,
483 1264 621 1330 mihtum
636 1275 668 1329 et
682 1264 827 1329 diversae
843 1264 1034 1330 conditionis
1049 1267 1202 1347 virorum,

72 1356 115 1414 ut
135 1349 308 1414 multitudo
330 1371 413 1435 pene
435 1370 603 1412 numerum
626 1348 805 1414 excederet.
841 1349 1032 1413 Paucissimi
1053 1351 1139 1414 enim
1161 1348 1202 1414 de

72 1434 227 1498 exercitu
253 1434 453 1520 imperatoris
481 1433 653 1514 redierunt,
690 1443 722 1497 et
748 1432 790 1496 ad
816 1432 878 1497 hoc
900 1433 1007 1519 ipsum
1030 1435 1121 1518 quasi
1143 1455 1202 1520 per

72 1517 192 1602 fugam
215 1516 278 1580 sibi
300 1519 436 1603 quisque
455 1516 612 1581 subvenit.
986 1579 993 1599 ‚

164 1600 275 1665 Ante*
301 1601 387 1666 idem
415 1611 542 1688 tempus
570 1600 743 1665 Heinricus
770 1599 838 1663 dux
864 1601 904 1664 de
932 1598 1099 1684 Limburg,
1147 1600 1200 1664 cui

71 1686 255 1833 imperator
277 1686 355 1748 citra
374 1685 522 1750 Rhenum
544 1685 623 1748 suab
646 1684 773 1768 negotia
795 1692 827 1748 et
848 1683 1045 1768 archiepisco
1070 1705 1108 1746 us
1129 1680 1201 1747 Rei-

71 1768 196 1833 nodus
230 1766 404 1832 ducatum⁰
437 1767 658 1833 Coloniensem
692 1770 925 1849 commiserant,
958 1767 1009 1830 δὲ
1041 1706 1118 1830 idus
1141 1764 1302 1836 Iul,1u.11.

72 1854 171 1918 obiit.
256 1851 403 1915 Ecclesia
426 1849 624 1915 Coloniensis
646 1850 849 1936 Philippum,
882 1851 1011 1915 maioris
1047 1847 1201 1914 ecclesiae

71 1936 241 2001 decanum
263 1945 294 2000 et
315 1936 539 2021 imperatoriae
562 1936 668 1998 curiae
691 1932 926 2016 cancellarium,
950 1954 1021 1998 cum
1038 1932 1143 1996 adhuc
1164 1933 1200 1996 in

71 2019 175 2086 Italia
196 2028 365 2102 teneretur,
386 2019 570 2104 pontificem
592 2019 654 2084 sibi
676 2017 779 2102 elegit.

163 2103 227 2168 Per
254 2102 340 2166 idem
364 2113 490 2202 tempus
513 2103 747 2168 Wicmannus0
775 2102 884 2185 episco
908 2101 963 2164 uss
987 2099 1200 2184 Magedebur-

71 2189 188 2274 gensis
225 2195 256 2251 et
287 2186 521 2250 Luodewwusr
551 2184 748 2270 lantgravius
787 2193 818 2250 et
849 2187 878 2247 A
915 2193 1001 2249 ertus
1033 2183 1200 2248 marchiol

73 2272 242 2356 ceterique
276 2268 443 2334 orientales
466 2270 611 2334 Saxones
633 2269 823 2333 Heinricum
845 2268 960 2332 ducem
984 2269 1145 2333 Saxoniae
1168 2276 1200 2332 et

72 2365 198 2422 terram
232 2353 301 2418 eius
332 2353 432 2439 preda
464 2363 496 2418 et
526 2353 682 2417 incendiis
715 2349 918 2435 infestabant,
956 2360 986 2416 et
1007 2373 1090 2436 pene
1111 2351 1199 2416 attri-

142 2497 172 2566 *)
187 2500 307 2550 Ante-
322 2498 422 2548 differri
440 2498 593 2564 impetravit
611 2494 703 2547 deletis
715 2495 773 2546 Rl.
793 2513 877 2547 manu
895 2513 936 2560 ca,
956 2495 1111 2558 ercidetur,
1131 2511 1199 2560 quae

191 2589 217 2622 a.
240 2571 310 2622 1228
330 2588 385 2636 sqq.
405 2571 527 2622 exaravit
546 2570 583 2636 (et
599 2569 664 2635 Ra)
683 2569 737 2620 ita:
765 2570 892 2620 Ecclesia
907 2570 1074 2620 Coloniensis
1093 2569 1143 2620 Ph.
1163 2585 1197 2619 m.

191 2662 215 2697 e.
237 2645 262 2696 d.
284 2651 315 2696 et
334 2645 427 2695 sacri
444 2645 584 2711 imperii
603 2659 662 2710 per
680 2642 821 2694 Italiam
841 2642 1199 2694 archicancellarium

190 2735 251 2768 eum
271 2745 305 2754 —
325 2745 359 2754 -
380 2717 467 2784 elegit.
506 2717 576 2778 Quo
602 2715 815 2766 electionem
843 2717 882 2766 de
910 2731 944 2766 se
973 2717 1039 2766 rite
1068 2715 1199 2766 iactam

189 2795 330 2857 petente
356 2806 373 2840 a
397 2806 483 2856 papa
503 2789 717 2852 confirmari,
744 2790 785 2838 ad
808 2788 1015 2840 instinctum
1034 2788 1198 2839 Romano-

188 2881 274 2927 rum,
302 2863 558 2914 ultionemtam
588 2866 728 2913 cruente
749 2877 785 2912 ac
804 2863 957 2913 recentis
983 2877 1042 2912 sue
1071 2861 1199 2925 stragis

189 2953 251 3003 per
275 2929 503 2987 Rennoldurni
537 2934 839 3000 archiepiscopum
873 2935 969 2985 iacto
994 2935 1119 2985 saltem
1144 2949 1200 2998 per

188 3010 463 3061 retardationem
501 3008 793 3060 confirmationis
830 3007 1083 3072 expetentium,
1125 3007 1199 3056 sive

187 3085 268 3134 ioco
288 3083 360 3134 sive
379 3083 469 3132 serio
494 3081 604 3132 fertur
628 3096 717 3147 papa
740 3082 985 3146 respondisse,
1013 3079 1200 3145 sequidem

190 3155 498 3207 confirmationem
520 3170 587 3206 non
615 3155 803 3218 denegare,
841 3159 894 3205 set
921 3154 1029 3219 ipsum
1055 3152 1200 3202 electum

190 3230 315 3280 debere
343 3229 481 3294 ydolum
513 3229 552 3278 ad
579 3227 741 3278 honorem
760 3221 933 3278 Renoldik
959 3225 1070 3276 hostis
1090 3225 1199 3274 eccle-

189 3302 241 3354 sie
267 3303 414 3353 Romane
453 3302 625 3366 sculptum
658 3299 697 3348 de
730 3299 882 3350 basilica
916 3299 1013 3350 beati
1039 3298 1137 3348 Petri
1164 3297 1200 3346 in

189 3375 335 3427 Colonia
355 3389 541 3424 removere.
584 3372 762 3438 Siquidem
782 3372 1016 3424 Colonienses
1038 3373 1077 3422 ob
1097 3370 1199 3421 henc-

188 3448 408 3500 riiicenciam
440 3451 473 3496 et
496 3445 779 3496 recordationem
807 3449 874 3495 tam
901 3444 1098 3510 prestantis
1132 3442 1201 3494 viri

189 3520 375 3586 sepulchro
404 3520 570 3570 decenter
598 3523 776 3568 exstructo
802 3518 988 3583 imaginem
1016 3517 1131 3582 ipsius
1164 3516 1200 3566 in

189 3594 307 3660 lapide
332 3593 503 3658 sculptam
528 3595 838 3658 superposuerunt.
878 3591 944 3642 Sed
970 3590 1105 3640 electus
1131 3603 1200 3638 non

188 3669 291 3733 inops
312 3665 452 3718 consilii
470 3666 653 3730 ingeniose
681 3663 879 3729 respondit,
907 3679 942 3714 se
970 3663 1003 3712 id
1031 3678 1098 3714 non
1129 3675 1199 3726 seg·

190 3741 279 3791 niter
302 3740 517 3802 effecturum,
543 3738 571 3788 si
596 3737 724 3802 aliquis
749 3736 950 3801 apostolice
970 3734 1200 3786 auctoritatis

189 3813 336 3864 nuncius
356 3827 466 3862 secum
485 3811 675 3876 procedens
694 3810 928 3875 personaliter
948 3809 1089 3858 eundem
1116 3805 1199 3871 lapi-

189 3888 262 3937 dem
286 3884 457 3936 removeri
482 3884 714 3934 demandaret.
753 3882 849 3934 Unde
868 3882 930 3932 hoc
950 3897 1016 3931 non
1036 3881 1200 3931 obstante

189 3959 338 4012 confirm
346 3962 437 4019 atur,
451 3955 482 4006 iu
499 3973 583 4022 marp.
604 3955 695 4005 addit.-
723 3955 774 4005 Per
788 3955 859 4005 idem
878 3959 982 4019 tempus
1000 3953 1108 4016 bellum,
1128 3951 1200 4018 quod

189 4033 259 4082 inter
285 4030 427 4082 orientales
456 4030 575 4081 Saxones
600 4029 748 4094 gerebatur,
776 4029 920 4092 imperator
947 4041 1030 4092 usque
1060 4025 1095 4076 ad
1123 4039 1201 4075 suum

189 4105 334 4156 adventurn
360 4103 457 4154 differri
478 4103 606 4167 precepit,
625 4107 649 4151 et
667 4099 696 4150 in
714 4117 813 4150 rasura
828 4101 930 4166 perpit:
951 4099 981 4150 A.
995 4099 1029 4149 D.
1051 4097 1131 4150 1168.
1149 4097 1200 4148 Pa·

189 4177 287 4230 schalis
305 4192 377 4244 papa
394 4177 516 4238 moritur3
536 4175 579 4225 cui
598 4173 751 4224 dominus
771 4173 890 4224 Calixtus
910 4179 954 4224 etc.

78 4304 103 4358 a)
127 4310 151 4348 et
171 4305 209 4347 W.
226 4305 242 4344 1.
258 4305 302 4346 aa.
319 4303 379 4344 Ara
438 4300 462 4352 b)
486 4313 529 4342 sua
549 4314 571 4342 n.
593 4311 634 4340 sua
654 4300 703 4340 Bl.
780 4297 801 4350 c)
825 4299 1135 4348 archiepiscopatum
1150 4295 1201 4334 Al.

79 4364 103 4417 d)
120 4367 140 4407 6.
160 4364 204 4406 02.
251 4361 453 4418 c)chhm.A1.
473 4359 770 4410 023Wichlmannu101.
816 4357 977 4408 Odcestrtl.
1024 4354 1047 4406 g)
1064 4345 1201 4395 Liidowicus

78 4426 155 4474 Iangr.
172 4423 217 4466 01.
292 4419 316 4472 h)
332 4421 419 4461 marcio
436 4419 471 4460 Gt
486 4421 580 4470 saeptus.
612 4433 641 4453 =
670 4416 689 4469 t)
704 4415 843 4458 Reinoldum
859 4417 908 4458 aa.
983 4413 1008 4468 k)
1024 4414 1138 4455 Reincldo
1154 4412 1199 4454 Bt.
