2944 5002
231 431 235 438 .
302 388 355 440 336
430 387 582 442 OLIVERI
602 387 761 440 anemo
780 389 830 438 Da
849 387 1098 440 EXPEDITIONE
1118 388 1334 439 DAMIATINA.

210 629 211 634 ¹
226 573 292 616 1219.
301 563 370 614 inter
382 578 453 614 mare
467 567 494 612 et
508 563 624 628 fluvium,
644 564 689 614 ubi
709 564 792 614 dulcis
812 579 881 630 aqna
899 563 1012 614 inveniri
1025 579 1080 614 non
1092 569 1196 629 poterat
1209 564 1244 614 ad
1257 563 1414 629 potandum.

301 637 359 702 Ipsi
376 651 447 700 vero,
461 637 570 688 sublatis
590 637 718 701 tentoriis,
737 638 826 702 iugem
845 637 1012 688 simulabant.
1041 637 1077 687 Et
1089 653 1148 687 cum
1160 653 1316 702 processum
1331 637 1416 687 fnisset

302 725 319 761 a
337 710 433 761 nostris
452 709 529 773 ideo,
549 717 579 761 ut
598 715 738 776 appareret
756 710 921 760 adversarios
947 711 1047 760 directa
1071 710 1158 761 fronte
1177 711 1249 760 nolle
1271 711 1416 776 confligere,

302 783 434 849 capitanei
453 783 537 834 nostri
555 786 663 849 lengum
675 785 791 834 inierunt
802 784 949 848 consilium,
963 789 1050 834 utrum
1062 785 1238 849 procederent
1249 800 1287 834 an
1299 784 1416 834 redirent

303 857 413 907 Discors
431 857 501 907 inter
519 873 565 908 eos
584 859 718 909 sententia
734 857 790 907 fuit.
829 857 939 907 Interim
958 858 1043 908 solute
1069 863 1130 908 sunt
1154 857 1227 907 acies
1251 863 1342 922 preter
1364 857 1417 908 illo·

300 933 379 981 ruma
406 946 472 997 quos
496 930 525 980 in
550 931 691 996 disciplina
704 930 821 981 militari
844 931 936 995 ligavit
960 931 1119 982 obedientia.
1165 931 1277 997 Equites
1297 931 1377 997 Cypri
1392 930 1418 980 in

301 1003 393 1054 dextro
413 1020 494 1054 cornu
514 1005 649 1056 constituti
669 997 770 1069 erantb,
791 1004 943 1056 Sarracenis
960 1005 1094 1055 incursum
1112 1005 1271 1055 iacientibus
1297 1021 1314 1054 a
1333 1004 1418 1055 latere.

299 1077 479 1128 Timiditatem
497 1071 596 1143 igtmrl
617 1094 693 1128 snam
712 1078 884 1129 ostenderunt
896 1078 982 1128 italici
994 1079 1106 1143 pedites.
1134 1078 1268 1143 Primique
1280 1078 1418 1142 fugierunt

299 1152 364 1201 Post
377 1166 423 1201 eos
437 1152 537 1217 equites
550 1153 584 1202 de
597 1152 706 1202 diversis
719 1151 870 1202 nationibus
890 1157 917 1201 et
935 1151 1040 1217 quidam
1056 1152 1247 1217 Hospitalarii⁰
1268 1151 1362 1202 Sancti
1378 1152 1418 1201 Io·

299 1224 403 1288 hannis,
423 1224 511 1290 legato
530 1225 651 1276 Romane
670 1226 740 1276 sedis
754 1231 781 1275 et
792 1224 950 1290 patriarcha,
964 1226 1008 1291 qui
1022 1241 1126 1276 crucem
1138 1225 1284 1289 baiulabat,
1303 1225 1417 1287 multum,

300 1297 348 1348 sed
366 1292 484 1348 frustrat¹
502 1299 719 1364 supplicantibus,
738 1305 768 1348 ut
786 1299 965 1349 subsisterent.
1008 1299 1087 1349 Estus
1107 1299 1169 1348 solis
1189 1303 1246 1348 erat
1269 1298 1418 1360 vehemens,

299 1371 403 1436 pedites
423 1386 553 1422 armorum
572 1374 690 1438 pondere
708 1373 903 1438 premebantur.
934 1372 1055 1423 Calorem
1075 1372 1148 1422 auxit
1166 1373 1241 1423 labor
1259 1373 1312 1436 vie,
1334 1372 1418 1438 etqui

300 1460 390 1495 secum
409 1444 499 1494 vinum
519 1447 673 1509 detulerant,
698 1447 727 1496 in
752 1447 893 1510 angustiat
910 1446 1032 1496 biberunt
1050 1446 1115 1496 illud
1134 1462 1228 1510 purum
1246 1451 1358 1511 propter
1376 1446 1417 1496 de·

299 1517 397 1567 tectum
417 1533 492 1583 aque.
536 1520 595 1570 Hiis
622 1520 743 1571 omnibus
769 1521 992 1583 concurrentibus,
1017 1520 1062 1585 qui
1087 1520 1260 1569 subsistentes
1280 1535 1309 1569 se
1331 1519 1417 1570 defen-

301 1591 397 1641 derunt
415 1595 442 1640 et
460 1598 521 1658 post
537 1595 683 1658 primitivos
702 1594 834 1658 fugientes
852 1593 947 1643 anhelo
967 1609 1045 1643 cursu
1062 1598 1138 1657 terge
1157 1593 1296 1656 dederunt,
1310 1593 1417 1644 extincti

300 1670 369 1727 sunt,
389 1664 447 1715 sine
466 1667 617 1718 vulneribus
643 1672 805 1720 corruentes.
851 1667 908 1716 Rex
930 1682 993 1717 vero
1019 1682 1079 1716 cum
1105 1667 1261 1732 Templariis
1288 1672 1314 1716 et
1340 1667 1415 1717 domo

298 1738 522 1790 Theutonicorum
538 1747 564 1790 et
573 1740 762 1806 Hospitalan'is
782 1740 872 1791 Sancti
890 1740 1027 1804 Iohannis,
1045 1741 1233 1805 Francigenis,
1253 1741 1288 1790 de
1306 1741 1416 1792 Hollan·

299 1805 367 1876 dias,
388 1812 421 1862 de
439 1808 581 1879 Werthef,
602 1815 634 1864 de
655 1814 822 1879 Sarreburge‚
842 1814 876 1863 de
894 1814 995 1864 destris
1020 1814 1166 1878 comitibus,
1186 1814 1336 1865 Galtherot
1357 1815 1416 1864 Ber·

297 1885 373 1949 toldi,
391 1886 495 1937 Pisanis
520 1888 630 1954 aliisque
655 1888 780 1938 militibus
807 1889 934 1952 impetum
952 1888 1165 1953 persequentium
1185 1887 1318 1938 sustinuit.
1362 1888 1416 1938 Rex

298 1959 360 2024 igne
380 1959 465 2010 Greco
484 1960 539 2010 fere
559 1963 702 2012 conbustus
721 1962 777 2012 fuit.
806 1961 852 2011 Hii
865 1977 957 2011 omnes
970 1978 1017 2026 pro
1030 1977 1105 2012 muro
1123 1961 1230 2011 fuerunt
1247 1961 1416 2026 fugientibus.

299 2033 427 2094 Quotiens
446 2033 528 2084 facies
547 2050 609 2084 suas
630 2035 806 2086 ostendebant
823 2029 972 2098 hornbach,
986 2035 1024 2084 illi
1042 2035 1183 2100 fugienmt.
1222 2035 1337 2096 Quando
1356 2051 1415 2085 vero

298 2106 429 2171 gradatim
452 2109 657 2172 revertebantur,
681 2109 748 2158 ictus
774 2113 801 2159 et
831 2109 886 2159 tela
910 2109 1089 2161 sustinuerunt
1114 2109 1290 2159 inimicorum.
1342 2108 1417 2174 Capti

299 2183 361 2229 sunt
384 2179 412 2230 in
437 2180 484 2230 illa
508 2181 662 2234 defensione
682 2182 878 2232 christianitatis
897 2182 997 2234 electus
1016 2183 1186 2232 Belvacensis
1211 2187 1238 2232 et
1263 2183 1345 2232 frater
1363 2184 1415 2232 eius

300 2254 459 2304 camerarius
477 2248 567 2318 regist
587 2255 700 2306 Francis
726 2251 765 2305 eti
786 2255 854 2306 filius
881 2255 945 2320 eius,
970 2257 1051 2306 frater
1069 2256 1272 2320 Andegavensis
1292 2256 1415 2321 episcopi,

300 2341 360 2376 cum
379 2326 499 2378 Iohanne
525 2328 558 2378 de
577 2325 700 2392 Archislt,
720 2328 776 2379 viro
800 2329 883 2380 nobili
906 2335 933 2379 et
956 2329 1033 2380 valde
1058 2335 1192 2393 strennuo,
1217 2330 1360 2380 Heinricus
1385 2329 1415 2379 de

298 2395 396 2450 Ulmel
415 2406 442 2450 et
464 2401 509 2452 alii
527 2403 610 2467 multi,
626 2403 670 2469 qui
688 2402 811 2452 trucidati
836 2407 898 2453 sunt
922 2408 948 2453 et
972 2404 1000 2453 in
1026 2404 1204 2468 captivitatem
1223 2404 1304 2455 ducti.
1343 2403 1416 2454 Tem·

299 2473 377 2538 plarii
394 2474 502 2539 triginta
520 2480 573 2526 tres
593 2477 665 2542 capti
683 2475 725 2526 vel
745 2477 825 2526 occisi
844 2480 906 2526 sunt
924 2492 984 2527 cum
998 2477 1159 2527 marescalco
1169 2476 1318 2541 Hospitalis
1329 2477 1415 2528 Sancti

300 2546 428 2597 Iohannis
448 2552 474 2598 et
493 2548 648 2615 quibusdam
675 2549 733 2599 aliis
759 2550 877 2600 eiusdem
897 2550 998 2600 domus.
1046 2551 1102 2600 Nec
1122 2551 1206 2599 evasit
1224 2551 1283 2600 sine
1303 2551 1414 2617 dampno

301 2619 395 2669 domus
406 2620 635 2674 Theutonicorum.
661 2623 761 2674 Milicie
773 2624 885 2689 Templi,
899 2639 949 2690 que
962 2624 1047 2689 prima
1059 2623 1127 2674 solet
1140 2639 1199 2674 esse
1217 2625 1245 2674 in
1265 2640 1414 2690 congressu,

299 2691 393 2742 ultima
419 2693 468 2744 iirit
494 2695 522 2745 in
551 2712 679 2762 regressu.
727 2697 804 2747 Unde
833 2693 892 2747 cum
919 2698 953 2747 ad
972 2698 1100 2747 fossatum
1128 2703 1247 2747 nostrum
1276 2699 1416 2749 novissima

298 2765 405 2830 rediret,
426 2767 489 2817 foris
512 2769 635 2834 substitit,
660 2776 690 2822 ut
714 2772 858 2822 anteriores
884 2771 954 2820 intra
973 2770 1201 2836 meniaquantum
1226 2771 1353 2836 possibile
1371 2773 1416 2822 init

299 2839 474 2891 reduceretm.
513 2843 698 2895 Persecutores
718 2845 753 2894 ad
777 2845 895 2909 captivos
922 2844 1093 2895 deducendos
1119 2850 1146 2894 et
1163 2844 1250 2909 spolia
1268 2845 1416 2910 colligenda

299 2909 408 2962 tandem
425 2913 571 2979 redierunt;
590 2918 658 2967 siout
674 2918 851 2969 intelleximus
869 2917 1038 2982 postmodum
1052 2933 1068 2968 a
1081 2918 1234 2982 Sarraceno,
1255 2919 1416 2983 quingentan

301 2986 389 3050 capita
414 2986 614 3041 christianorum
633 2992 744 3041 soldano
763 2996 955 3056 presentantes.
984 2992 1072 3042 Meror
1084 2996 1190 3042 nostros
1204 2993 1353 3056 occupavit,
1372 2989 1416 3043 sed

198 3111 201 3118 ,
300 3059 376 3109 nulla
401 3061 558 3126 desperatio.
607 3065 659 3114 Pro
685 3071 756 3115 certo
782 3066 852 3114 enim
876 3064 1012 3128 habemns,
1037 3065 1109 3130 quod
1133 3080 1204 3129 pena
1235 3066 1340 3130 peccati
1371 3067 1417 3116 fuit

300 3133 368 3183 haec
387 3135 534 3200 castigatio,
555 3141 581 3186 et
599 3139 686 3188 minus
706 3143 762 3188 erat
779 3139 808 3187 in
826 3153 906 3203 pena,
926 3153 1004 3203 quam
1023 3139 1243 3204 exigeret-eulpa,
1268 3139 1328 3204 ipso
1354 3145 1415 3190 tem·

192 3212 410 3273 recuperante
435 3208 589 3274 vindictam,
615 3211 660 3277 qui
684 3211 748 3262 dicit
772 3211 876 3261 animae
901 3211 1057 3276 peccatrici:
1087 3211 1128 3261 Tu
1142 3210 1284 3276 fornicata
1309 3230 1337 3265 es
1362 3229 1417 3264 cum

302 3280 464 3332 amatoribus
487 3283 618 3347 plurimis,
638 3291 872 3336 tamenreoertere
891 3284 990 3347 adme,
1010 3293 1097 3351 clepo
1116 3282 1259 3350 antemium
1278 3293 1311 3337 te.
1351 3287 1416 3338 Con·

303 3358 355 3403 stat
374 3360 463 3404 autem
482 3357 568 3421 nobis,
594 3358 666 3423 quod
682 3358 711 3408 in
734 3359 860 3424 precipua
886 3374 934 3409 sua
959 3359 1057 3409 milicia
1080 3359 1203 3409 luctuosa
1227 3360 1277 3409 sibi
1306 3361 1418 3427 dampna

303 3427 483 3479 sustinuerunt
504 3430 641 3482 increduli.
691 3431 760 3482 Sane
785 3432 922 3482 miserator
947 3433 1086 3496 Dominus,
1112 3433 1157 3498 qui
1180 3448 1235 3483 non
1260 3434 1418 3484 obliviscitur

302 3501 427 3564 misereri,
453 3518 503 3553 nec
528 3505 674 3556 continebit
697 3507 726 3556 in
750 3507 790 3556 ira
817 3505 1009 3556 misericordias
1034 3521 1104 3569 suas,
1131 3506 1176 3572 qui
1199 3506 1227 3555 in
1252 3507 1417 3559 tribulatione

302 3579 416 3640 peccata
434 3575 549 3642 dimittit,
569 3579 669 3628 luctum
687 3583 806 3629 nostrum
826 3579 955 3630 convertit
979 3579 1007 3629 in
1031 3579 1158 3646 gaudium
1178 3584 1205 3629 et
1223 3583 1374 3632 merorem⁰
1393 3582 1418 3630 in

302 3648 426 3698 leticiam.
465 3649 532 3700 Nam
552 3651 678 3702 soldanus
697 3668 779 3702 unum
795 3653 828 3702 de
848 3653 958 3717 captivis
977 3654 1073 3704 uostris
1093 3653 1207 3717 mittens,
1233 3654 1266 3703 de
1290 3671 1358 3721 pace
1380 3653 1419 3705 vel

302 3726 396 3787 treuga
421 3723 559 3774 nobiscum
583 3729 696 3776 tractare
722 3727 800 3790 cepit.
844 3726 878 3775 In
904 3743 955 3792 quo
974 3731 1090 3777 tractatu
1109 3726 1238 3777 fossatum
1257 3733 1377 3778 nostrum
1395 3732 1418 3778 et

303 3796 463 3846 munitiones
483 3797 549 3846 alias
568 3801 780 3863 reparavimuss.
811 3800 921 3850 Interim
937 3805 1036 3851 nautae
1056 3800 1254 3850 christianitatis
1273 3803 1418 3866 proditores

304 3874 331 3919 et
350 3885 410 3918 cum
429 3870 467 3918 eis
490 3872 622 3936 peregrini
648 3873 761 3938 plurimi,
785 3873 870 3939 magis
896 3889 924 3923 se
949 3874 1022 3939 ipsos
1048 3879 1169 3924 amantes
1196 3889 1275 3940 quam
1300 3875 1418 3926 iratribus

303 3944 503 4007 compatientes,
523 3950 585 3994 ante
604 3949 708 4011 tempus
729 3948 848 3998 consueti
866 3948 984 4012 passagii
1003 3949 1138 4012 agonistas
1158 3948 1255 3999 Christi
1272 3949 1302 3998 in
1321 3964 1418 4000 summo

304 4084 327 4137 a)
346 4089 448 4129 ordinem
464 4090 481 4131 t.
496 4090 523 4130 L.
581 4089 605 4143 b)
620 4103 728 4142 superaus.
745 4105 762 4134 c.
824 4090 846 4145 c)
862 4093 983 4144 hospitalit
997 4106 1015 4134 c.
1061 4092 1085 4147 d>
1101 4096 1175 4136 fustra
1189 4107 1208 4138 c.
1258 4095 1281 4148 e)
1300 4107 1321 4136 a.
1340 4097 1389 4136 sttis
1402 4107 1418 4134 c.

303 4145 322 4196 t)
339 4145 469 4198 collandts,
484 4149 512 4189 de
528 4147 624 4202 Wartta,
640 4153 668 4191 de
684 4151 829 4201 Satesbureb,
847 4153 875 4193 de
892 4155 988 4196 Uestris.
1004 4155 1022 4192 L
1104 4153 1128 4208 g)
1144 4157 1250 4197 waltero
1266 4157 1381 4196 Ber-nardi
1395 4155 1418 4196 L.

304 4202 328 4255 h)
345 4206 428 4245 totlens
444 4207 494 4246 add.
510 4209 552 4258 E.,·
568 4211 624 4250 dcast
639 4211 702 4250 diam
718 4211 743 4252 G.
760 4212 785 4253 L.
830 4210 848 4263 l)
866 4212 898 4254 tis
912 4214 1016 4264 scriptum
1030 4225 1048 4256 c.
1094 4213 1119 4266 k)
1135 4214 1190 4255 Arci
1198 4215 1224 4255 L.
1276 4214 1295 4266 l)
1311 4215 1381 4257 Ulnia
1394 4215 1417 4256 t.

304 4261 336 4314 m)
352 4264 414 4304 intra
429 4267 506 4306 menta
521 4273 600 4309 nostra
615 4281 633 4311 r.
649 4270 676 4310 L.
737 4268 761 4321 n)
779 4272 948 4324 quinquagtnta
963 4274 1010 4313 Eoo.
1025 4273 1052 4316 L.
1114 4272 1136 4326 ο)
1146 4285 1261 4315 merorem
1274 4286 1333 4317 corr.
1349 4285 1418 4316 mero·

304 4332 353 4361 rem
368 4334 385 4364 c.
447 4321 471 4375 p)
487 4326 596 4369 alacriter
612 4340 629 4372 r.
645 4329 670 4368 L.
