2934 4998
116 351 309 404 ennomus
327 351 440 403 snum
460 350 711 403 ooLoNInNffls.
732 350 835 406 OONT.
850 352 903 404 111.
923 351 956 404 A.
972 352 1052 404 1217.
1108 353 1160 404 241

449 522 615 576 Reccneio
636 523 661 574 Ι.
676 529 704 575 et
718 524 760 579 ΙΙ.

43 591 222 658 Ulixibona
237 613 311 655 cum
323 593 365 658 80
375 591 510 656 navibus
527 589 579 656 vel
595 589 690 677 paulo
705 590 778 677 plus
794 603 1024 658 recesserunt1.
1046 593 1161 658 Tercio

41 677 140 762 igitur
162 675 236 755 Kal.
252 676 393 762 Augusti
413 699 433 740 a
454 676 547 741 dictis
568 674 738 740 comitibus
755 675 919 741 obsessum
935 687 984 741 est
1004 686 1215 762 castrum311a,
1225 709 1265 750 ω,

34 759 97 826 'sed
118 761 150 825 3.
173 760 257 828 Non.
280 759 374 824 huius
402 761 521 824 mensis
554 758 753 825 advenerunt
777 761 811 823 in
865 760 976 825 ulchro
1009 763 1261 838 comitaturus.

63 844 159 909 refati
182 846 328 931 episcopi
349 855 381 910 et
400 844 513 909 fratres
535 841 672 907 miliciae
695 843 805 909 Sancti
826 784 946 922 [deebi
977 847 1033 930 qui
1062 855 1094 910 et
1121 844 1162 911 de

21 869 160 994 ¹llladio
184 927 397 1015 appellantur,
419 950 492 993 cum
514 927 584 992 aliis
598 926 760 993 nobilibus
781 928 821 994 de
836 950 935 1015 regno
946 928 1161 1014 Portugaliae.

44 1013 160 1078 Statim
182 1022 258 1098 post
277 1012 337 1078 hec
350 1013 515 1098 impletum
539 1022 589 1076 est
609 1011 773 1096 fossatum,
789 1023 821 1077 et
833 1013 937 1077 factus
952 1024 1003 1078 est
1016 1012 1162 1096 insultus,

44 1107 72 1163 et
92 1098 310 1161 instrumenta
330 1096 446 1163 bellica
467 1107 540 1161 sunt
562 1107 674 1160 contra
694 1107 851 1178 murum³,
866 1105 898 1161 et
910 1097 1067 1162 interfecti
1088 1107 1163 1162 sunt

20 1192 106 1246 'tam
136 1181 306 1246 christiani
331 1203 428 1268 quam
456 1179 634 1261 Sarraceni,
661 1181 713 1244 isti
738 1179 917 1265 lapidibus,
947 1179 993 1245 illi
1028 1183 1161 1268 sagittis.

44 1265 158 1330 Postea
181 1276 388 1330 accesserunt
412 1265 550 1329 fossores
580 1263 640 1328 sub
667 1275 752 1329 terra
777 1263 944 1348 fodientes,
970 1276 1007 1330 ut
1034 1289 1161 1331 murum

46 1349 220 1432 deicerent3
243 1351 298 1414 ath
321 1349 489 1414 Sarraceni
504 1372 522 1414 e
535 1349 692 1413 contrario
707 1347 865 1413 fodientes
881 1359 1004 1414 nostros
1019 1349 1160 1434 inpedie-

45 1443 128 1516 runt3
145 1444 257 1498 tamen
272 1443 338 1498 tam
359 1432 486 1498 illorum
507 1432 615 1499 labore
637 1443 703 1497 tam
726 1455 768 1496 ex
788 1434 921 1497 istorum
944 1435 1030 1498 circa
1044 1435 1161 1499 festum

47 1519 143 1582 sancti
154 1517 376 1583 Bartholomei
391 1517 507 1582 cecidit
521 1539 585 1581 una
599 1519 709 1600 turris3
724 1539 785 1582 nec
800 1528 907 1581 tamen
923 1519 1027 1602 patuit
1040 1518 1161 1600 aditus3
1172 1536 1228 1587 Aua.
1238 1539 1275 1580 ss.

46 1604 175 1667 interior
197 1604 285 1667 enim
305 1625 381 1688 pars
403 1602 533 1702 parietis
554 1603 682 1665 mansit.
714 1603 869 1665 Proxima
889 1603 998 1687 itaque
1013 1603 1161 1702 sequenti

45 1685 119 1750 feria
130 1696 208 1773 post
218 1686 334 1751 festum
344 1687 520 1751 nauvitatis
533 1695 682 1751 sanotaec
696 1685 818 1749 Mariae
829 1695 938 1750 contra
953 1686 1161 1750 christ1anos‘1
1170 1713 1256 1766 sepse.

48 1771 230 1856 congregati
259 1780 332 1834 sunt
380 1779 495 1835 uatuor
519 1792 611 1855 reges
634 1771 883 1834 Sarracenorum
905 1770 939 1832 in
959 1769 1161 1834 multitudine

48 1857 142 1938 gravi,
158 1877 220 1920 rex
235 1854 358 1919 scilicet
396 1853 504 1919 ibiliae
513 1865 535 1934 ²,
572 1877 632 1918 uae
652 1852 714 1918 alio
735 1854 862 1918 nomine
877 1853 1021 1939 Hispalis
1036 1853 1162 1938 dicitur,

48 1940 78 2001 in
119 1963 162 2004 ua
185 1939 348 2026 quondam
369 1940 483 2004 beatus
497 1877 653 2002 Ysidorus
675 1948 744 2002 erat
764 1937 1032 2023 archiepiscopus,
1051 1947 1082 2004 et
1103 1961 1162 2002 rex

50 2021 84 2086 de
98 1962 265 2105 dorduba,
286 2022 372 2087 unde
383 2024 532 2095 Lucanus
548 2023 670 2089 exstitit
693 2021 856 2105 oriundus,
873 2023 956 2085 sicut
976 2023 1044 2086 eius
1063 2024 1161 2109 epita-

14 2149 15 2158 ÷
50 2105 154 2192 phium
176 2117 330 2172 testatur:

14 2193 15 2214 ³
171 2193 327 2258 Corduba
348 2216 396 2256 mc
416 2195 539 2278 posuit,
561 2193 678 2276 rapuit
698 2191 799 2273 Nero,
817 2191 930 2274 prelio
952 2191 1035 2273 dixi,

14 2245 16 2354 l
155 2302 165 2328 ·
215 2275 283 2350 Quo
304 2299 429 2363 pessare
446 2299 561 2360 pares,
585 2277 661 2340 binc
683 2298 781 2356 socer,
804 2276 881 2339 inde
903 2297 1019 2360 penem·

51 2359 161 2423 tercius
184 2383 246 2425 rex
272 2359 312 2424 de
334 2360 463 2444 Iehenss,
492 2371 622 2446 quartus
652 2357 692 2424 de
715 2358 934 2423 Badalouz⁰·⁴.
984 2358 1043 2423 Isti
1065 2381 1159 2444 reges

50 2441 140 2506 fixere
167 2446 304 2509 tentoria
332 2466 390 2531 pro
416 2468 433 2509 e
462 2443 649 2508 christianos
671 2442 713 2507 ad
735 2464 831 2506 unam
852 2441 988 2525 leucam,
1017 2441 1160 2507 volentes

51 2524 232 2594 christianos
260 2529 300 2593 de
329 2467 452 2615 prelirto
480 2537 583 2592 castro
612 2527 752 2613 effugare
780 2536 812 2591 et
844 2548 883 2590 ca
906 2527 1021 2592 tivatos
1051 2549 1160 2591 secum

51 2608 212 2678 abducere.
257 2612 321 2679 Sed
351 2613 551 2698 omnipotens
572 2611 673 2693 Deus,
704 2613 759 2697 qui
787 2549 935 2697 superbis
956 2612 1076 2676 resistit
1104 2611 1161 2675 hu-

52 2693 171 2760 milibus
200 2696 281 2761 dans
309 2699 455 2783 gratiam,
488 2696 638 2781 dignatus
666 2706 714 2760 est
740 2717 814 2759 suos
847 2695 1024 2760 confortare
1058 2695 1161 2760 tribus

52 2778 205 2846 miraculis
228 2784 430 2867 preostensis.
480 2780 557 2867 Ipsa
585 2781 669 2844 enim
697 2779 749 2844 die
770 2778 812 2843 ad
834 2801 985 2864 vesperas
1012 2779 1162 2866 apparuit
1172 2804 1230 2856 sar.
1248 2807 1282 2848 ro.

52 2862 233 2950 triumphale
248 2866 280 2929 in
296 2887 368 2930 aere
383 2864 536 2930 vexillum
552 2872 680 2928 sanctae
695 2865 800 2928 crucis
811 2865 845 2927 in
859 2865 989 2949 signum
999 2865 1161 2930 victoriae.

53 2943 122 3011 Post
141 2949 245 3014 noctis
266 2950 408 3014 medium
422 2949 557 3014 venitin
571 2947 764 3012 adiutorium
784 2948 1029 3012 christianorum
1048 2950 1162 3012 Petrus

53 3032 195 3114 magister
217 3031 354 3098 miliciae
375 3034 511 3118 Templi,
534 3043 566 3097 et
586 3033 619 3096 in
645 3035 715 3118 ipso
738 3030 907 3096 conflictus
928 3033 997 3096 visa
1019 3042 1068 3096 est
1089 3052 1162 3095 can-

55 3110 228 3182 didatorum
256 3117 351 3182 turba
382 3117 494 3182 celitus
526 3118 632 3181 missa.
681 3115 776 3181 Mane
806 3126 914 3180 autem
936 3116 1032 3197 facto,
1053 3115 1088 3178 in
1109 3114 1161 3180 die

54 3197 191 3266 videlicet
203 3202 335 3267 Psothis
357 3212 388 3267 et
398 3202 543 3283 lacincti,
564 3203 599 3264 in
618 3201 761 3264 maxima
781 3198 917 3264 elatione
939 3198 1017 3263 dicti
1030 3221 1121 3285 reges
1142 3219 1230 3270 asar.
1241 3222 1277 3262 11.

55 3292 136 3427 parte
150 3286 294 3350 orientali
308 3286 349 3351 ad
364 3309 506 3373 pugnam
521 3295 595 3350 sunt
605 3284 751 3349 ordinati.
783 3284 829 3348 At
838 3282 1012 3365 christiani,
1023 3286 1163 3348 minores

75 3364 109 3430 iis
128 3391 271 3452 numero,
293 3373 431 3435 maiores
452 3379 559 3436 autem
581 3369 700 3448 merito,
723 3389 796 3432 suas
817 3368 903 3432 acies
925 3366 1033 3432 debito
1048 3367 1160 3431 ordine

58 3457 232 3519 struxerunt
245 3475 264 3517 a
279 3464 369 3540 parte
385 3453 582 3519 occidentali.
625 3452 720 3518 Unde
742 3450 865 3516 refulsit
894 3451 942 3516 sol
962 3452 996 3515 in
1018 3450 1160 3537 clipeosh

58 3552 170 3619 aureos,
191 3548 223 3602 et
243 3538 508 3625 resplenduerunt
528 3548 652 3602 montes
673 3537 714 3602 ab
735 3536 791 3618 eis,
807 3546 840 3600 et
852 3534 1005 3600 fortitudo
1019 3536 1162 3622 gentium

59 3617 144 3684 corde
165 3622 297 3688 confusa
319 3632 376 3689 est.
419 3622 507 3704 Quid
527 3621 643 3708 plura?
677 3619 728 3685 Illi
748 3621 783 3683 in
804 3618 935 3703 viribus,
963 3619 1017 3685 isti
1043 3619 1078 3684 in
1099 3619 1163 3684 fide

60 3703 222 3772 confidunt.
264 3706 309 3773 At
329 3708 486 3773 Martinus
508 3704 747 3771 commendator
767 3702 918 3788 Palmele,
947 3727 1066 3791 parvus
1095 3724 1162 3768 cor-

61 3803 138 3870 pore,
161 3790 254 3855 corde
275 3790 335 3875 leo,
360 3789 535 3856 vexillum⁵

234 3875 349 3940 dextra
367 3876 497 3942 vibrans
518 3874 737 3960 clipeumquei
758 3872 885 3938 sinistro

62 3989 173 4048 timna.-
188 4002 281 4054 casseu.
294 4003 319 4045 P.
350 4001 375 4055 s)
391 4007 415 4043 et
430 4005 473 4044 cr.
491 4003 511 4042 a.
549 4001 570 4054 ο)
585 4003 652 4042 usare
666 4002 708 4043 os.
739 3998 1104 4055 s)srut.n1,·arussompauso
1120 4009 1162 4043 ar.

64 4049 83 4099 ο)
96 4055 215 4105 Badsloirz‘
229 4064 269 4102 02.
306 4061 430 4114 ottflietu
445 4063 516 4103 01.2.
572 4060 595 4112 g)
610 4062 675 4101 Preti
691 4060 739 4102 Bl.
782 4057 806 4110 h)
824 4062 933 4111 clyppeos
949 4058 989 4097 Bl
1006 4057 1039 4097 lu'c
1054 4062 1073 4097 ct
1088 4057 1159 4107 infra.

63 4109 80 4161 l)
94 4125 133 4163 qus
148 4117 229 4160 futoro
244 4133 295 4161 raso
312 4123 358 4162 Bl.

67 4203 91 4272 1)
108 4209 146 4263 De
171 4215 211 4266 su
229 4215 333 4269 seua
356 4218 372 4268 ι.
394 4219 411 4268 ι.
504 4218 533 4282 a)
558 4214 667 4268 saun.
760 4214 790 4280 a)
815 4212 892 4264 ras.
984 4211 1015 4278 t)
1033 4211 1164 4278 sarajas.

66 4276 236 4367 biformia
254 4307 335 4356 usquc
354 4291 391 4342 cd
409 4291 502 4342 verba:
523 4291 567 4340 hic
586 4290 681 4342 obruta
700 4291 806 4340 casside
820 4288 903 4339 cassis
916 4283 1033 4337 versibus
1044 4283 1164 4346 tercias,

66 4363 172 4412 “alm
191 4365 276 4415 soluta
295 4363 457 4428 intermisto,
477 4361 626 4429 consumto
644 4370 715 4415 aunt.
731 4361 762 4414 P.

924 4445 964 4511 16
