2970 4996
267 354 300 408 ta
414 355 601 407 CHRONICA
620 354 733 405 scola
755 352 998 405 COLONIENSIS
1018 354 1051 404 A.
1073 352 1151 404 1135.
1174 353 1253 403 1136.

638 503 804 578 sternito
824 525 848 576 r.
869 526 961 578 eoas.
981 525 1014 577 r.

266 632 444 698 discedunt.
488 631 661 696 Dominioa
682 639 773 694 ante¹
798 629 937 694 mediam
957 629 1244 716 quadragesimam,
1268 628 1397 694 scilicet

139 733 254 776 Martlt.
268 719 317 782 16.
340 717 413 782 Kal.
434 715 565 803 Aprilis,
587 715 735 800 frequens
765 715 948 800 principum
975 714 1040 778 fere
1069 715 1165 778 totius
1193 713 1286 797 regni
1316 734 1395 778 con-

266 812 379 866 ventus
411 802 448 865 fit
478 822 498 863 a
522 800 565 864 ud
593 797 793 883 Bavenberg‚
825 800 1017 883 imperatore
1050 820 1124 862 cum
1157 797 1264 863 valida
1292 819 1394 860 manu

267 884 440 950 electorum
462 885 598 948 m1'tum
621 892 654 946 et
674 903 835 946 armorum
865 904 901 945 co
927 883 958 944 ia
986 891 1143 967 presente.
1192 883 1256 947 Dei
1286 882 1396 964 gratia
1483 897 1484 914 ¹

266 968 468 1054 astipulante,
497 966 662 1052 predictus
684 965 868 1030 Friderious
896 905 964 1030 (lux
984 965 1143 1048 Alsaciae,
1172 964 1395 1030 annitentibus
1483 999 1484 1010 .

266 1053 476 1139 principibus,
498 1053 532 1114 in
548 1049 752 1115 concordiam
768 1071 840 1113 cum
854 1050 1045 1134 imperatore
1060 1050 1151 1116 redit.
1190 1048 1397 1114 Coloniensis

211 1208 213 1212 ,
268 1137 439 1223 episcopus
464 1134 585 1201 ibidem
615 1135 793 1198 interventu
820 1134 1001 1219 principum
1030 1144 1062 1199 et
1088 1134 1303 1198 satisfactione
1333 1155 1395 1196 sua

267 1221 396 1286 veniam
427 1219 603 1306 promeruit
633 1217 741 1282 delicti
772 1218 823 1281 sui
855 1219 889 1281 in
921 1221 1157 1317 imperatorem.
1240 1218 1281 1281 In
1308 1217 1395 1281 festo

155 1323 209 1366 aar.
220 1324 255 1364 se.
267 1314 474 1392 pentecosten
513 1302 601 1387 apud
635 1301 888 1386 Magatheburg⁸
925 1325 1064 1387 primum
1101 1303 1263 1388 principes
1298 1302 1395 1384 regni

268 1410 377 1452 coram
397 1389 589 1473 imperatore
603 1386 820 1449 firmissimam
835 1407 948 1471 pacem
963 1386 1051 1450 domi
1065 1387 1206 1473 forisque
1221 1384 1263 1449 ad
1278 1384 1395 1449 decem

267 1493 368 1536 annos
390 1474 585 1551 iuraverunt,
608 1480 640 1534 et
661 1468 777 1534 deinde
799 1479 904 1535 cetera
925 1469 1094 1536 multitudo
1139 1469 1219 1535 lebis
1248 1479 1314 1533 tam
1345 1469 1395 1534 ibi

269 1577 367 1642 quam
388 1577 447 1642 per
468 1553 611 1640 singulas
632 1576 666 1617 re
690 1554 744 1615 nib
765 1562 873 1639 partes
896 1553 954 1617 hec
977 1553 1088 1618 eadem
1113 1493 1218 1619 licere
1240 1553 1398 1617 suadetur
1483 1563 1484 1566 ’

268 1651 301 1705 et
322 1638 531 1725 compellitur.
575 1639 654 1701 Dux
706 1638 847 1701 oemiae²
869 1649 901 1700 et
923 1636 991 1700 dux
1012 1639 1229 1722 Ungariorum
1256 1637 1396 1701 inimici·

268 1725 335 1788 cias
362 1725 500 1788 invicem
527 1721 681 1786 habentes
711 1719 853 1784 ibidem³
883 1721 1135 1786 confederantur.
1242 1720 1280 1783 In
1308 1720 1395 1785 festo

156 1809 371 1875 seraasaneti
392 1806 591 1894 Mychahelis
613 1807 647 1868 in
667 1804 739 1869 loco
761 1806 817 1890 qui
838 1804 955 1868 dicitur
975 1804 1187 1870 Mulenhusen
1209 1805 1395 1887 Ounradus,
1483 1843 1484 1858 ÷

269 1891 439 1978 aliquando
473 1890 663 1976 usurpatorh
686 1888 767 1974 regii
799 1889 947 1970 nominis,
979 1889 1076 1954 frater
1104 1888 1261 1954 Friderici
1290 1888 1395 1966 ducis,

268 1976 452 2062 imperatori
473 1973 707 2039 reconciliatur.

646 2056 741 2119 Anno
763 2056 896 2121 Domini
920 2057 1010 2120 1136.

342 2143 521 2226 Imperator
542 2139 680 2205 natalem
702 2140 836 2204 Domini
858 2141 879 2204 S
906 2141 952 2204 ire
975 2138 1123 2206 celebrat.
1165 2141 1217 2205 Ibi
1245 2148 1396 2204 mortuus

269 2234 318 2290 est
338 2225 510 2290 Heinricus
531 2223 682 2306 marchio,
705 2224 787 2289 filius
803 2162 961 2290 Wicberti
983 2225 1120 2288 comitis.
1200 2225 1291 2288 Hocc
1306 2245 1396 2288 anno

270 2309 397 2375 obsides
419 2328 551 2372 numero
576 2307 615 2370 12
631 2305 798 2372 Godefridi
821 2308 945 2371 comitis
967 2306 1007 2373 de
1021 2307 1139 2372 Kuchd
1161 2309 1284 2373 sesain
1327 2318 1397 2371 ote·

270 2402 384 2458 statem
406 2393 491 2478 regis
513 2391 651 2457 tradunt.
694 2391 769 2476 Ipse
792 2391 986 2457 Godefridus
1009 2392 1200 2457 cumfratre
1222 2413 1279 2456 suo
1334 2393 1397 2455 eri-

270 2497 387 2542 manno
410 2474 451 2541 ab
473 2476 665 2562 imperatore
687 2476 896 2560 proscribitur
917 2477 952 2539 in
973 2485 1058 2540 terra
1086 2477 1240 2561 ipsorum,
1270 2474 1398 2540 scilicet

270 2559 376 2642 salica,
399 2581 488 2624 more
509 2560 723 2644 antiquorum.

342 2645 482 2729 irruptio
499 2640 689 2707 Sclavorum
704 2644 737 2706 in
752 2651 859 2727 partes
875 2642 1054 2725 Saxoniae3
1077 2653 1187 2708 contra
1202 2664 1282 2729 quos
1297 2641 1396 2706 Adel-

270 2729 397 2794 bertust
419 2726 561 2791 marchio
585 2727 762 2791 exercitum
783 2749 925 2808 movens,
949 2737 1066 2792 terram
1088 2748 1199 2792 eorum
1215 2749 1281 2791 non
1296 2725 1398 2792 semel

270 2809 427 2876 hostiliter
448 2812 567 2874 invasit
588 2821 620 2874 et
642 2809 854 2895 depopulatus
877 2819 933 2874 est.

442 2975 477 2982 ...-

609 3012 776 3074 Recensio
796 3011 836 3064 II.
857 3011 950 3064 codd.
970 3011 1004 3062 B.
1026 3009 1053 3062 0.

273 3122 461 3173 dissentientes
481 3122 515 3172 ab
535 3123 658 3192 invicem,
679 3121 827 3173 discordati
854 3122 1005 3172 discedunt.
1042 3123 1170 3172 Postea
1187 3121 1264 3186 ipse
1285 3125 1317 3170 et
1335 3121 1398 3170 Fri·

273 3195 378 3246 dericus
390 3195 443 3246 dux
453 3195 579 3247 alsaciae
592 3198 743 3246 interventu
756 3197 905 3261 principum
919 3196 1072 3261 imperatori
1086 3193 1396 3245 reconciliantur&

345 3269 377 3318 In
397 3270 465 3320 festo
483 3275 632 3335 pentecost.
653 3284 767 3320 omnes
786 3269 921 3335 principes
947 3271 1023 3334 regni
1048 3285 1136 3318 coram
1162 3268 1323 3333 imperatore
1351 3264 1397 3316 fir·

272 3343 417 3392 missimatn
438 3359 533 3409 pacem
554 3344 588 3393 ad
609 3344 702 3393 decem
723 3358 806 3393 annos
822 3345 984 3402 iuraverunt,
1005 3348 1032 3392 et
1052 3342 1202 3407 deinceps
1223 3338 1397 3410 ceteramul-

272 3415 357 3466 titudo
377 3415 462 3466 idem
481 3417 571 3466 facere
591 3415 768 3482 compellitur.

603 3482 651 3546 12.
695 3483 789 3546 Anno
811 3480 944 3545 Domini
969 3482 1059 3546 1136.

346 3573 496 3636 Imperator
521 3572 610 3622 natale
638 3574 747 3623 Domini
772 3573 849 3637 Spire
874 3572 1001 3622 celebrat.
1040 3571 1081 3621 Ibi
1107 3576 1224 3621 mortuus
1251 3575 1292 3640 pst
1310 3570 1397 3620 Hein-

273 3646 344 3694 ricus
364 3645 493 3703 marchio,
512 3643 582 3694 filius
603 3646 717 3695 Wiberti
736 3647 850 3696 comitis.
924 3646 985 3694 Hoc
1011 3659 1080 3694 auno
1101 3644 1209 3696 obsides
1228 3659 1338 3694 numero
1362 3643 1398 3691 ta

274 3715 414 3766 codefridi
442 3716 474 3765 de
494 3717 570 3766 Kuch
595 3733 655 3768 sese
680 3719 708 3767 in
733 3723 891 3784 potestatem
918 3719 1144 3783 imperatoris
1169 3716 1285 3768 tradunt.
1329 3717 1398 3782 Ipse

273 3789 480 3851 Herimanuus,
499 3789 611 3841 frater
631 3789 796 3853 codefridi,
817 3793 977 3842 cumfratre
997 3807 1044 3841 suo
1064 3791 1246 3856 proscribitur.

275 3970 298 4081 sp
313 3972 520 4071 ffssgpphsbhclorr.
536 3973 668 4020 Masatheb.
685 3973 736 4013 ΑΙ.
781 3971 944 4025 b)deestA1.
991 3973 1013 4026 c)
1029 3973 1202 4014 mascals.
1246 3970 1270 4023 d)
1288 3970 1397 4012 (tuost.

275 4041 287 4070 e
359 4041 421 4070 cus
481 4062 485 4073 .

276 4198 304 4264 1)
333 4199 440 4252 Rectius
466 4207 526 4268 post
544 4200 662 4266 dixisset,
687 4209 716 4254 ct
741 4202 843 4253 monuit
865 4200 974 4253 sca-B.
990 4218 1020 4266 p.
1043 4201 1104 4250 161.
1198 4202 1228 4266 2)
1257 4198 1397 4250 Polons'ae.

276 4270 306 4338 3)
325 4272 496 4342 Mersebur95
514 4293 540 4326 o.
560 4275 630 4326 Ana.
649 4275 787 4342 Eaplesf„
807 4272 858 4327 SS.
886 4273 1062 4351 ῑ7ζ,1).ὂ40.
1137 4272 1167 4340 4)
1187 4273 1398 4325 reconciliantur

276 4362 308 4397 esc
327 4347 398 4400 Ana.
416 4347 520 4398 Brimo.
533 4348 646 4414 flnaisse
665 4350 779 4401 videtur.
