2970 4996
286 415 338 466 134
366 415 554 469 CHRONIOA
573 415 686 468 auom
706 415 957 468 COLONIENSIS.
978 415 1081 466 OONT.
1100 416 1132 466 A.
1145 413 1336 465 1184-1186.

676 588 842 642 Recensio
862 587 887 640 1.
907 596 938 640 et
956 587 1002 641 II.

283 698 361 742 vero
383 676 523 761 pecunia
544 674 689 762 preditus
705 676 738 738 in
752 673 879 740 Italiam
901 673 1005 739 tendit
1026 682 1059 738 et
1079 675 1217 759 gratiam
1239 649 1409 759 apostolici

285 770 317 826 et
339 757 549 824 cardinalium
573 759 636 825 sibi
659 757 817 824 conciliat.
860 757 952 823 Alter
966 759 1179 843 imperatoris,
1201 757 1281 823 alter
1302 779 1408 843 papae

285 842 399 908 solatio
421 841 599 908 fovebatur.

367 928 547 1026 Imperator
574 937 648 1014 post
680 937 846 1013 peractam
874 925 1103 1073 gloriosissime
1132 925 1253 989 curiam
1280 922 1409 989 Italiam

284 1012 365 1097 petit
403 1033 488 1075 orrea
519 1009 719 1096 Augustum,
756 1019 788 1075 et
819 1011 873 1075 Me
897 1009 993 1075 iolani
1029 1019 1062 1074 et
1095 1008 1256 1074 interdum
1288 1009 1409 1094 Papiae

284 1106 443 1178 moratur,
490 1116 552 1180 apa
571 1116 649 1159 vero
671 1095 800 1177 Lucius,
830 1097 886 1180 qui
912 1094 954 1158 ad
982 1092 1176 1180 colloquium
1205 1094 1410 1178 imperatoris

284 1188 424 1261 venerat,
446 1119 648 1244 Placentiae¹
672 1178 826 1265 hyemare
847 1177 1013 1263 disposuit.

590 1264 653 1349 [34.
662 1265 688 1348 ³]
733 1263 828 1327 Anno
850 1263 986 1326 Domini
1017 1262 1108 1327 1185.

369 1347 550 1444 Imperator
581 1345 685 1412 natale
712 1347 847 1411 Domini
875 1347 1016 1431 Papiae²
1054 1343 1204 1426 celebrat,
1241 1345 1411 1494 crebriplue

285 1430 396 1494 nuncii
426 1439 510 1493 mter
543 1431 650 1515 ipsum
686 1441 718 1496 et
752 1453 870 1516 papam
902 1438 1003 1511 erant,
1036 1438 1209 1514 antequam
1240 1427 1282 1493 ad
1315 1451 1353 1492 co
1379 1451 1412 1494 o-

286 1515 397 1600 quium
425 1513 580 1578 venirent.
666 1514 769 1580 Filius
805 1515 1005 1601 imperatoris
1040 1515 1214 1577 insolenter
1249 1534 1346 1598 agere
1380 1525 1414 1578 et

285 1619 338 1662 res
375 1597 494 1662 alienas
531 1598 670 1684 diripere
707 1599 829 1684 eoepit3
866 1597 953 1662 unde
988 1597 1102 1661 crebra
1135 1598 1335 1682 querimonia
1369 1600 1413 1663 ad

285 1691 410 1781 patrem
433 1691 465 1746 et
486 1681 615 1746 demum
644 1682 686 1746 ad
714 1682 927 1768 apostolieum
957 1680 1083 1745 delatab
1112 1693 1169 1746 est.
1210 1679 1304 1746 Unde
1335 1704 1412 1746 cum

285 1773 461 1851 imperator
495 1764 601 1848 vellet,
642 1775 680 1830 ut
713 1764 873 1854 imperiali
908 1765 1132 1832 benedictione
1173 1763 1412 1848 sublimaretur,

285 1849 387 1914 fertur
418 1872 502 1948 papa
524 1850 728 1935 respondisse
751 1874 793 1914 ex
820 1848 954 1915 consilio
984 1849 1196 1935 quorumdam
1223 1851 1412 1935 principum

285 1943 317 1998 et
339 1933 567 1998 cardinalium:
589 1956 653 1998 non
668 1957 739 2000 esse
754 1935 946 1999 conveniens
962 1933 1043 1998 duos
1058 1934 1266 2019 imperatores
1276 1948 1413 2018 'preesse

284 2017 431 2082 Romano
454 2018 591 2104 imperio
601 2029 625 2082 ³.
667 2019 796 2084 Deinde
817 2018 991 2104 imperator
1016 2029 1137 2102 regno⁶
1160 2015 1341 2082 Grecorum
1364 2019 1411 2083 in-

284 2101 394 2183 festus,
433 2101 554 2166 filiam⁴
581 2102 760 2188 Ruotgeri‘l
791 2103 877 2188 regis
905 2101 1038 2168 Siciliae
1069 2101 1133 2166 filio
1167 2123 1224 2165 suo
1255 2101 1412 2187 copulare

308 2193 446 2248 roourat.

285 2206 307 2270 p
369 2267 409 2331 In
423 2290 533 2332 mense
546 2269 682 2334 Octobri
696 2270 843 2335 insolitus
858 2271 994 2336 turbinis
1009 2278 1124 2334 ventus
1140 2269 1220 2333 adeo
1235 2268 1412 2335 vehemens

282 2351 354 2434 fuit,
375 2361 412 2416 ut
432 2360 518 2416 tecta
536 2351 665 2439 lapidea
684 2355 880 2440 arboresque
901 2352 1039 2439 grandes
1062 2353 1203 2418 deiceret
1223 2362 1256 2417 et
1274 2353 1412 2418 domos⁰

283 2435 392 2521 plmes
415 2445 582 2502 everteret.
667 2439 749 2502 Dux
765 2439 936 2520 Saxoniae,
958 2439 1097 2523 peractis
1117 2435 1310 2502 exulationis
1332 2461 1411 2504 suae

220 2558 223 2566 ·
283 2521 376 2583 annis
386 2531 407 2602 ⁵,
425 2519 465 2586 de
479 2519 598 2606 Anglia
612 2522 717 2603 rediit,
762 2525 868 2608 roprio
883 2531 1007 2587 tantum
1023 2532 1190 2586 contentus
1204 2523 1411 2608 patrimonio.

283 2604 466 2690 Imperator
492 2604 642 2670 Cremam
669 2546 893 2672 Loubardiaes
925 2607 1088 2671 civitatem
1119 2604 1201 2670 olim
1217 2629 1238 2671 a
1259 2629 1293 2671 se
1322 2629 1411 2673 ever·

282 2699 374 2752 sam&
396 2688 537 2753 studiose
558 2689 740 2774 reedificat3
761 2713 845 2778 quae
864 2699 1041 2757 restaurata
1054 2691 1084 2755 ei
1098 2689 1260 2756 rebellato.
1347 2692 1411 2756 Im-

283 2772 449 2857 peratrix*
472 2771 552 2838 obiit
562 2787 583 2836 ².

733 2861 828 2923 Anno
850 2859 984 2923 Domini
1007 2859 1099 2925 1186.

604 2859 676 2923 31).1

367 2939 548 3038 Imperator
560 2859 667 3006 ndtale
679 2857 816 3006 llomini
830 2943 1025 3008 Mediolani⁸
1039 2941 1189 3008 celebrat.
1231 2942 1270 3006 In
1285 2945 1409 3008 octavis

179 3043 360 3090 curavero
382 3023 573 3109 eprphaniae
601 3035 729 3111 nuptias
756 3026 813 3090 filii
840 3028 890 3090 sui
918 3027 1157 3113 opulentissime
1186 3048 1260 3091 oum
1289 3047 1411 3112 magna

284 3116 472 3171 cunctorum
502 3130 585 3194 pene
613 3130 783 3208 procerum
813 3110 860 3175 fre
883 3112 992 3177 uentia
1018 3111 1106 3198 apud
1132 3111 1303 3174 Ticinum⁹
1330 3112 1410 3196 agit.

282 3188 418 3255 Luciusi
478 3215 541 3278 apa
577 3193 722 3278 obrit103
766 3196 819 3259 cui
887 3195 1006 3260 rbanus
1047 3193 1295 3260 Mediolanensis
1337 3217 1410 3260 sue-

283 3273 378 3338 cedit.
491 3299 533 3340 ex
546 3276 700 3344 Siciliae¹¹
712 3279 818 3344 Greoo
833 3279 952 3344 bellum
971 3279 1102 3344 inferre¹
1124 3300 1252 3365 parans,
1274 3290 1409 3345 cunctas

251 3429 253 3433 ,
283 3377 382 3423 naves
403 3381 461 3444 per
489 3381 568 3444 quas
595 3363 758 3449 peregrini
779 3363 1021 3429 lherosolimam
1043 3363 1120 3428 ituri
1141 3373 1232 3428 erant
1252 3364 1285 3426 vi
1314 3384 1409 3428 oocu-

356 3527 386 3594 *)
405 3530 515 3581 Beanix
533 3534 641 3584 nomine
661 3533 726 3586 add.
748 3533 798 3587 02.

282 3673 553 3725 a)86.eorr.34.B1.
614 3677 638 3730 b)
661 3681 723 3738 plata
737 3693 795 3725 corr.
817 3682 895 3738 delata
909 3683 963 3731 Bis
980 3682 1042 3722 elata
1058 3693 1115 3724 eorr.
1139 3693 1167 3722 m.
1191 3693 1232 3724 ree.
1256 3683 1335 3723 delata
1359 3684 1407 3734 023

282 3733 336 3774 data
352 3734 393 3774 01.
455 3732 476 3786 c)
493 3737 554 3786 regie
569 3746 642 3786 regno
658 3739 708 3780 Aa.
776 3738 799 3791 d)
816 3740 912 3789 Rotgeri
929 3741 977 3790 013
992 3741 1089 3789 Rutgerl
1103 3741 1152 3781 aa.
1169 3741 1213 3783 02.
1281 3741 1304 3792 e)
1322 3743 1406 3784 domus

281 3803 338 3833 corr.
355 3793 435 3832 domos
451 3794 499 3837 Bt.
565 3793 705 3846 OLongob.
722 3799 749 3840 B.
763 3799 785 3840 0.
863 3798 885 3850 g)
911 3810 1047 3840 conversam
1069 3799 1127 3842 M.
1201 3798 1225 3852 h)
1243 3801 1280 3842 36.
1297 3800 1338 3854 (tta
1355 3800 1404 3853 01)

281 3862 352 3958 pprze
363 3852 471 3951 ilngl'
576 3853 593 3904 1)
617 3856 701 3898 Lucius
733 3880 759 3888 -
789 3860 891 3899 succedit
913 3860 955 3900 der.
978 3859 1027 3899 Ba.
1049 3858 1088 3901 Fr.
1192 3857 1217 3910 k)
1242 3858 1337 3912 Syotlye
1362 3862 1405 3902 02.

352 3922 363 3950 r
428 3941 434 3952 .

284 4039 311 4104 1)
331 4041 415 4093 Immo
431 4042 566 4106 Veroroe;
584 4061 611 4096 o.
623 4045 697 4114 leffe,
718 4047 783 4114 Req.
797 4063 830 4112 p.
841 4048 893 4096 846
909 4064 963 4114 sqq.
1040 4049 1069 4115 2)
1087 4048 1202 4102 Brixiae
1209 4069 1219 4112 ,·
1237 4066 1262 4102 o.
1274 4047 1404 4117 Sobeffer·

284 4113 428 4176 Boioborrt,
448 4114 491 4169 ’Κ
504 4117 647 4170 Friedrich
661 4120 686 4170 I.
703 4120 793 4172 letaler
810 4117 892 4171 Streit
909 4119 957 4171 mit
979 4121 1028 4173 der·
1043 4121 1128 4184 Oeae*
1143 4141 1174 4188 p.
1189 4123 1233 4174 65.
1274 4136 1277 4142 ’
1309 4124 1339 4190 3)
1361 4124 1410 4192 Of.-

286 4184 352 4239 Hiet.
371 4186 564 4242 Reinherdrbr.
584 4192 627 4243 ed.
649 4192 747 4260 Wepele
770 4210 800 4258 p.
821 4193 864 4243 59.
946 4192 975 4261 4)
996 4193 1184 4247 Constantiam.
1266 4197 1293 4262 b)
1319 4197 1404 4250 Verria

282 4257 316 4308 ab
334 4256 493 4325 imperatore
518 4263 660 4330 impetrata
684 4265 763 4317 rediit
781 4265 936 4318 Heinriour.
1012 4269 1040 4330 6)
1062 4267 1122 4320 Norr
1143 4267 1243 4330 Orema,
1274 4271 1321 4320 sed
1342 4270 1403 4324 Ore·
1462 4267 1464 4330 ξ

282 4347 361 4382 morra
376 4331 532 4398 imperatori
542 4337 687 4390 rebellavit.
764 4337 1061 4403 malleatorem.
1137 4341 1167 4407 8)
1183 4343 1266 4394 immo
1281 4343 1402 4410 Papiam
1463 4335 1464 4370 3

283 4420 306 4455 o.
319 4401 428 4459 Sci-B.
443 4423 474 4472 p.
495 4407 529 4458 83
541 4427 569 4460 rr.
584 4412 608 4462 1.
657 4410 686 4478 9)
705 4412 789 4462 Immo
809 4411 957 4464 Mediolani
975 4414 1003 4465 d.
1024 4415 1067 4466 27.
1079 4414 1158 4468 Febr.
1205 4416 1401 4482 10)a.1185.
1460 4439 1463 4498 p
