2924 5006
112 398 298 451 cfllsorslcs
316 399 430 452 REGIA
450 399 703 454 GOLONIENSIS.
724 401 829 456 CONT,
841 402 894 458 111.
915 404 947 456 Δ.
963 403 1043 456 1203.
1091 407 1146 456 211

423 573 585 626 Recensio
606 574 630 628 I.
651 584 681 627 et
701 576 748 628 ΙΙ.

28 659 142 744 proccd
163 661 354 725 evocantibus
374 662 497 727 nostris
519 685 621 747 usqne
650 663 695 726 ad
717 662 803 726 mille
826 663 956 727 animos
978 665 1225 730 bominumrrcr.

30 752 248 830 puqnatornm
263 746 443 831 imperator
458 749 600 810 occurrit
614 749 652 810 in
667 747 875 810 multitudine
890 750 999 832 qravi.
1033 749 1145 827 Primo

34 850 203 914 conpressa
230 830 417 914 dissipatur
444 833 592 912 omnino,
625 833 708 894 cesis
738 833 907 916 captisque
934 855 1000 896 non
1022 837 1146 918 paucis

34 913 97 976 sine
119 913 266 997 dampno
289 924 491 995 nostroram;
515 916 611 1001 faqa
632 915 857 1001 iqnominiosa
879 917 1049 979 consulens
1073 919 1146 998 sibi,

35 996 192 1080 clippeum
215 997 324 1078 obicit,
346 1022 442 1062 arma
457 999 593 1082 deponit
614 1008 644 1061 et
658 1001 778 1063 nostris
800 997 954 1063 vaccillum
976 1001 1146 1087 imperiale

36 1081 159 1144 dimittit
196 1079 394 1166 nobilemque
432 1106 531 1169 quom
558 1083 623 1147 sibi
653 1082 804 1166 preferri
829 1082 961 1166 fecerat
995 1107 1145 1171 yconam,

35 1187 123 1249 quum
144 1166 258 1230 ordini
275 1165 483 1231 Cisterciensi
503 1169 609 1232 nostri
631 1167 821 1231 dedicavere
843 1169 987 1231 victores.
1024 1169 1145 1234 Iterato

35 1251 198 1334 noviqinm
214 1259 361 1315 nostrum
367 1253 515 1336 flammis
531 1251 736 1338 aqqreditur,
752 1252 1025 1337 intempestaeque
1039 1256 1144 1318 noctis

35 1333 152 1397 silentio
178 1334 218 1398 16
240 1357 320 1398 snas
341 1358 442 1400 naves
463 1337 628 1416 incensas,
650 1334 729 1399 velis
751 1337 787 1399 in
811 1334 913 1399 altum
935 1339 1094 1420 enponsis
1117 1347 1146 1401 et

36 1417 167 1501 inferius
191 1418 356 1505 colliqatis
371 1421 416 1484 ad
427 1442 576 1503 proram,
590 1420 697 1505 flante
709 1420 848 1503 fortiter
870 1429 992 1499 austro,
1015 1431 1149 1486 nostras

37 1502 122 1565 mittit
146 1505 184 1567 in
217 1526 336 1584 naues,·
372 1505 429 1568 sed
456 1504 600 1568 Domino
622 1503 772 1587 faciente
802 1526 874 1566 cnm
908 1504 1009 1568 multo
1035 1504 1148 1570 labore

38 1595 211 1650 nostrornm
239 1589 442 1652 custodimur
469 1589 662 1670 indempnes
671 1596 694 1668 ⁸,
724 1596 753 1651 et
782 1587 974 1651 ardentibus
1003 1592 1146 1655 navibus

38 1669 127 1734 clavis
158 1672 290 1752 infimis,
320 1674 445 1736 catenis
472 1672 665 1751 terentibus,
695 1679 882 1735 nostrorum
909 1675 1045 1757 remiqio
1075 1683 1145 1737 tra-

39 1753 148 1818 buntur
168 1757 207 1819 in
226 1754 379 1841 peloqus,
408 1766 436 1820 et
458 1757 499 1821 ab
521 1757 698 1819 inminenti
719 1757 832 1819 mortis
854 1755 1007 1839 periculo
1031 1781 1051 1820 a
1074 1758 1143 1822 Do·

37 1841 114 1902 nino
141 1839 333 1904 liberamur.
383 1841 453 1905 Nos
481 1843 588 1927 iqitur
621 1863 693 1904 enm
721 1848 899 1903 terrestrem
924 1862 1147 1924 provocamus

40 1923 76 1986 od
91 1946 253 2008 paqnam,
276 1935 305 1987 et
314 1935 416 2008 ponte
439 1933 536 2010 atque
558 1947 652 1988 amne
674 1925 877 2002 transmisso,
893 1925 952 2008 qui
966 1927 1143 1990 evercitum

40 2016 169 2070 nostrum
191 2009 371 2092 separabat
394 2033 414 2072 a
439 2007 565 2088 Grecis,
588 2011 698 2072 cuneis
721 2007 894 2088 ordinatis,
919 2018 1143 2095 antepartum

39 2091 88 2153 dia
118 2095 259 2157 stetimus
282 2095 394 2179 reqiae
429 2094 571 2156 civitatis
607 2101 636 2154 et
667 2092 798 2176 palacii
829 2092 1023 2175 imperialis,
1057 2096 1146 2178 quod

40 2173 241 2240 Btcntcunab
279 2185 511 2260 nuncupatur,
554 2179 592 2240 in
628 2179 760 2240 nomine
796 2175 936 2240 Domini
972 2180 1143 2262 aqminnm

39 2257 138 2340 lsrael,
154 2261 348 2344 precedente
370 2284 465 2325 cruce
487 2260 629 2342 vivifico,
652 2263 772 2344 parati
794 2260 840 2323 ad
855 2258 1002 2343 prelium
1026 2260 1145 2327 Grecos

40 2346 181 2428 occipere,
203 2347 237 2408 si
257 2347 303 2410 eis
319 2346 503 2431 placuisset
524 2347 623 2408 enire.
667 2345 711 2407 Et
737 2345 867 2428 quidem
899 2367 963 2428 pro
996 2345 1142 2411 miliciae

11 2447 12 2506 ᾗ
41 2431 176 2493 enercitio
202 2439 370 2494 eaenntem
399 2429 535 2494 nobilem
563 2429 727 2515 quendam
755 2429 861 2492 nostri
885 2429 1012 2512 pedites
1040 2432 1142 2494 truci·

12 2547 14 2584 ᾗ
43 2510 159 2576 durant.
201 2514 260 2579 Sic
282 2517 319 2578 in
342 2523 454 2577 castra
480 2515 612 2594 reversi,
642 2521 731 2575 terra
760 2513 909 2596 marique
932 2517 1141 2660 sepinplpro·

12 2605 13 2612 ’
41 2617 188 2677 vocamur,
233 2599 291 2663 sed
327 2598 424 2661 dante
460 2597 603 2662 Domino
640 2617 766 2679 semper
803 2619 841 2659 oc
878 2598 1022 2681 triumplu
1060 2601 1143 2662 itere

12 2743 13 2746 ,
43 2679 211 2746 obtinemus.
255 2683 357 2746 Mittit
384 2683 429 2746 ad
458 2705 518 2745 nos
542 2683 639 2766 pacis
657 2679 758 2761 fictae
780 2677 902 2766 leqotos
919 2681 1069 2766 perfidus
1091 2685 1143 2746 in-

12 2775 13 2852 }
44 2764 180 2830 cubatord
202 2769 346 2850 imperii,
361 2765 511 2851 postulat
530 2775 559 2828 et
584 2765 702 2829 obtinet
729 2787 799 2828 cnm
830 2764 911 2828 duce
933 2762 1139 2910 colloquium.

12 2901 13 2904 ,
46 2843 168 2934 Cumque
189 2852 292 2915 eidem
314 2851 382 2914 dua
396 2851 632 2935 maqnonimus
648 2849 821 2928 obiecisset,
844 2849 931 2933 quod
952 2849 1012 2913 nul
1026 2873 1048 2912 a
1069 2874 1142 2914 cum

45 2951 72 2993 eo
86 2937 177 3016 pacis
193 2944 306 3021 posset
326 2957 392 2998 esse
413 2936 582 3014 securitas,
613 2935 671 3019 qui
693 2933 860 2996 dominnm
889 2955 985 2996 snum
1013 2956 1142 2998 carcere

46 3017 241 3099 conclusisset,
251 3020 436 3104 postposita
451 3018 680 3086 iurisiurandi
694 3017 853 3102 reliqione
871 3025 899 3080 et
904 3015 1000 3097 fidei,
1023 3026 1052 3081 et
1073 3020 1145 3102 ipsi

44 3105 259 3185 precipimur
289 3106 472 3188 imperium,
499 3103 601 3166 eidem
624 3123 662 3165 ue
692 3101 778 3164 bona
791 3100 861 3181 fide
889 3100 1077 3182 consuleret,
1106 3111 1144 3166 nt

46 3183 192 3254 dominnm
219 3211 314 3253 suum
341 3188 521 3252 restitueret
547 3195 576 3249 et
602 3124 774 3249 lumiliter
800 3185 930 3248 veniam
948 3185 1143 3268 postularet,

13 3265 14 3304 ³
47 3279 158 3335 nostras
178 3274 276 3336 etiam
291 3295 357 3357 pro
380 3294 412 3333 se
424 3271 624 3355 promitteret
634 3290 759 3353 preces,
781 3277 810 3333 et
832 3269 918 3353 quod
940 3293 1012 3333 cum
1034 3270 1142 3334 eodem

48 3351 158 3420 domino
186 3378 245 3421 sno
272 3357 535 3435 misericorditer,
566 3356 596 3417 si
624 3352 723 3434 vellet,
754 3375 850 3437 aqere
879 3351 1072 3434 deberemus,
1103 3378 1143 3418 ac
1200 3403 1202 3408 -

49 3439 186 3521 quicquid
207 3450 322 3506 contra
344 3462 404 3504 nos
419 3448 528 3524 eqerat
542 3460 707 3518 venenose,
729 3439 759 3500 si
779 3438 901 3501 rediret
923 3437 968 3500 ad
984 3439 1142 3519 animum,

49 3522 82 3582 im
105 3532 190 3588 utare
204 3525 353 3590 vellemus
373 3525 451 3587 etati
464 3521 636 3607 lapsnioe‘
656 3519 807 3586 consilii:
829 3529 857 3584 et
871 3518 925 3583 ille
940 3543 1030 3585 oona
1045 3521 1143 3586 verba

14 3639 16 3644 ·
49 3543 207 3690 subintulit,
223 3611 305 3694 qaia
319 3631 402 3694 qua-e
416 3607 625 3690 responderet
639 3605 880 3669 rationabiliter
901 3627 966 3668 non
990 3605 1145 3687 habetor,-

52 3685 241 3758 obedientiam
253 3702 359 3757 autem
370 3691 515 3755 Romani
521 3689 691 3775 pontificis
706 3698 734 3752 et
749 3688 988 3753 subventionem
999 3689 1144 3754 Sanctae

53 3768 165 3856 Terrae,
199 3800 298 3861 qaam
334 3780 518 3840 iuramento
556 3784 584 3838 et
619 3775 741 3858 scripto
782 3772 952 3857 imperiali
983 3774 1143 3854 firmarat

52 3851 176 3939 Alesios,
198 3862 278 3925 adeo
300 3860 467 3940 refutavit,
497 3868 532 3922 ut
554 3861 654 3922 vitam
677 3859 821 3921 amittere
872 3857 1038 3942 reeliqeret
1061 3855 1141 3920 Gre-

52 3937 174 4025 n'amque
195 3946 344 4022 subverti,
368 3967 466 4029 quam
509 3943 574 4006 uod
588 3943 720 4004 Latinis
738 3879 951 4024 pontijicibus
973 3940 1144 4004 orientalis

53 4019 165 4089 ccclesia
197 4029 396 4093 subderetur.
454 3967 577 4091 obstes
613 4027 718 4111 iqitnr
757 4026 940 4110 insequenti
975 4024 1143 4087 dominum

53 4121 130 4170 snum
149 4110 279 4178 latenter
300 4111 417 4197 laqueo
432 4109 570 4196 suffocat
591 4112 626 4172 in
649 4131 788 4188 carcere,
810 4131 883 4172 cnm
905 4129 967 4193 qao
990 4110 1068 4191 ipso
1090 4108 1144 4171 die

54 4269 176 4329 *linoepnes
184 4286 202 4323 B
209 4291 230 4326 l.
268 4285 291 4336 b)
300 4287 431 4326 Blacherns
441 4286 509 4333 Bouq.
515 4295 523 4332 ,¹
539 4289 593 4322 et-
602 4287 748 4332 nuncupatur
756 4282 799 4321 des.
809 4279 865 4320 Arc.
896 4278 916 4330 c)
925 4281 1095 4331 triumphanter
1103 4281 1145 4320 01.

55 4329 73 4381 d)
84 4335 111 4375 ilo
124 4341 173 4384 Am.
188 4345 255 4396 Bonq.
280 4351 298 4386 a
315 4345 406 4394 θέντα
420 4355 442 4394 p.
461 4346 517 4393 ²1²3
533 4343 678 4382 incumbstor
693 4342 753 4382 cett.
843 4337 865 4389 s)
882 4340 1036 4388 proripuisset
1051 4341 1070 4379 B
1081 4343 1100 4379 1.
1117 4340 1146 4389 ²3

54 4398 188 4445 rrsrupurssst
204 4405 246 4445 01.
305 4403 559 4456 f)lspsutqusB1.2.
619 4399 641 4451 g)
658 4401 726 4440 Nocti
742 4399 820 4447 Gl.8;
835 4397 909 4438 Noctu
927 4399 973 4440 Bl.

877 4470 939 4532 14*
