2924 5006
139 429 330 482 CHRONIOA
343 429 455 482 uuum
470 429 721 483 COLONIENSIS.
743 431 846 484 CONT.
863 432 917 482 111.
936 433 967 486 A.
982 433 1060 483 1204.
1122 431 1175 482 219

425 602 596 656 Recenaio
616 605 640 656 L
662 605 757 656 codd.
779 603 809 656 0.

136 669 340 735 Coloniensis
362 692 439 736 vero
461 672 633 758 episcopus
655 682 902 748 sacramentum,
924 672 1031 758 quod⁸
1054 672 1177 737 dudum

54 751 166 818 Ottoni
205 753 340 837 fecerat,
379 755 615 841 parvipendens
655 765 687 820 et
717 756 893 842 periurium
929 765 960 821 et
992 779 1178 822 excommu-

54 839 249 903 nicationem
290 839 459 925 apostolici
493 863 558 904 non
594 847 756 921 metuens,
800 850 873 927 post
914 840 1031 905 festum
1074 843 1178 906 sancti

53 923 207 987 Martinil
231 923 273 986 ad
295 923 432 988 eundem
449 923 633 1010 Philippum
657 946 731 988 cum
752 924 834 989 duce
849 925 1032 990 Lovaniael
1054 934 1086 990 et
1107 924 1243 993 aliisue.

55 1005 220 1071 nobilibus
248 1008 327 1071 viris
357 1006 593 1074 confluentiam
614 1008 702 1072 venit
730 1018 762 1073 et
788 1011 819 1073 ei
842 1011 1056 1074 iuramentum
1077 1008 1178 1073 fideli-

54 1091 125 1155 tatis
148 1113 227 1155 cum
250 1092 332 1157 duce
359 1092 482 1158 ibidem
507 1092 593 1158 fecit.
637 1092 687 1156 lbi
714 1095 811 1157 etiam
832 1092 1002 1179 Philippus
1024 1117 1083 1158 rex
1103 1114 1177 1157 con-

55 1175 122 1239 silio
145 1176 218 1240 eius
241 1185 273 1240 et
293 1177 478 1275 principum
493 1180 549 1263 qui
567 1177 700 1242 aderant
714 1176 874 1242 celebrem
890 1179 1012 1241 curiam
1028 1176 1177 1241 omnibus
1188 1201 1252 1246 reos.

55 1260 261 1346 principibus
289 1263 380 1347 regni
406 1283 440 1324 in
469 1260 652 1348 epyphania
672 1260 806 1324 Domini
828 1262 1027 1348 Aquisgrani
1054 1262 1176 1344 indicit,
1186 1280 1238 1322 nn.
1248 1282 1271 1322 e.

55 1355 86 1408 et
100 1343 306 1410 Coloniensis
321 1368 395 1410 eum
409 1345 455 1409 ibi
476 1347 510 1408 in
531 1368 641 1430 regem
657 1346 839 1410 consecrari
861 1356 894 1410 et
914 1347 993 1432 ungi
1008 1346 1176 1433 promittit.

140 1428 292 1515 Hyemps
314 1429 503 1514 longissima
524 1439 556 1494 et
577 1430 672 1493 nimis
694 1431 878 1515 asperrima,

136 1513 309 1600 Philippus
330 1516 428 1599 igitur
441 1537 509 1596 rex,
531 1524 568 1579 ut
581 1523 802 1613 proposuerat,
824 1535 897 1578 cum
920 1514 1079 1580 universis
1095 1536 1178 1600 pene

58 1597 259 1683 principibus
285 1599 376 1682 regni
399 1597 428 1662 A
452 1601 593 1684 uisgram
615 1600 714 1679 venit,
742 1597 798 1662 ubi
820 1619 893 1662 cum
917 1600 1057 1662 maximo
1080 1619 1181 1683 appa·

57 1688 126 1746 ratu
148 1692 180 1748 et
204 1682 361 1768 obsequio
385 1621 584 1748 coloniensis
611 1684 641 1748 ei
668 1683 817 1747 occunit.
859 1683 914 1748 lbi
943 1706 1011 1764 rex,
1045 1680 1178 1747 consilio

164 1847 237 1898 ideo
252 1847 386 1908 refutavit,
399 1853 429 1897 ut
449 1848 532 1897 vitam
547 1848 669 1916 amittere
683 1847 846 1913 preeligeret
861 1846 1039 1912 (traciamque
1050 1846 1178 1909 subverti,

166 1936 250 1987 quam
285 1921 356 1986 quod
390 1921 495 1972 Latinis
531 1919 704 1986 pontificibus
738 1921 875 1972 orientalis
911 1919 1046 1970 aecclesia
1081 1919 1178 1970 subde·

166 2000 250 2044 retur.
313 1995 398 2044 Nocte
424 1994 506 2058 igitur
529 1996 683 2060 insequenti
707 1994 841 2044 dominum
875 2009 950 2044 suum
983 1993 1098 2043 latenter
1117 1993 1179 2044 sub·

166 2069 243 2119 focat
260 2067 288 2116 in
309 2083 427 2127 carcere,
448 2073 475 2117 et
494 2067 570 2117 clave
590 2069 687 2129 ferrea,
707 2083 786 2133 quum
806 2067 915 2117 tenebat
938 2068 966 2116 in
986 2082 1075 2128 manu,
1094 2065 1180 2116 latera

167 2141 308 2192 morientis
328 2148 355 2193 et
374 2146 461 2192 costas
481 2140 603 2191 inaudita
622 2141 781 2211 crudelitate
809 2141 963 2204 confringit,
990 2144 1017 2189 et
1046 2155 1118 2190 eum
1146 2140 1180 2188 in

169 2230 310 2264 carcere
330 2221 505 2284 mortuum]
517 2213 723 2279 divulgans,
743 2213 876 2280 imperiali
890 2212 1027 2280 sepultura
1041 2228 1179 2276 concessa,

167 2289 293 2338 omnibus
313 2287 401 2338 scelus
420 2286 519 2338 funeris
542 2288 642 2338 bonore
670 2287 828 2338 dissimulat.
866 2287 913 2338 Sic
933 2287 972 2338 eis
991 2287 1103 2352 hyemps
1122 2291 1180 2338 tota

167 2360 315 2427 perficitur,
343 2360 438 2420 donec,
461 2361 574 2411 navibus
601 2377 691 2411 eorum
712 2360 792 2412 scalis
818 2361 917 2426 aptatis
944 2366 972 2410 et
996 2361 1179 2412 instrumentis

168 2434 277 2484 bellicis
301 2436 465 2500 preparatis,
485 2435 511 2484 5.
525 2434 590 2484 Idus
604 2434 712 2500 Aprilis,
738 2435 790 2485 hoc
816 2431 897 2501 [estc]
924 2433 992 2483 feria
1015 2439 1092 2484 sexta
1117 2439 1179 2483 ante

169 2508 325 2573 passionem
353 2508 479 2567 Domini,
511 2509 672 2577 unanimiter
703 2524 751 2572 pro
783 2508 883 2558 honore
917 2513 1028 2557 sanctae
1059 2507 1180 2557 Romane

169 2579 322 2632 aecclesias
342 2587 368 2631 et
381 2582 555 2632 subventione
570 2581 687 2632 Sanctae
699 2582 798 2630 Terrae
818 2579 909 2630 navali
927 2579 1012 2646 prelio
1026 2581 1182 2630 invaserunt

171 2654 324 2717 civitatem,
358 2659 385 2704 et
420 2670 452 2704 ea
476 2654 537 2717 die,
562 2656 619 2705 sine
651 2654 734 2705 multo
764 2661 855 2704 tamen
894 2670 1000 2704 suorum
1039 2654 1180 2719 sanguine,

170 2733 249 2778 tanta
273 2729 394 2793 perpessi
418 2727 537 2789 fuerunt,
561 2734 591 2778 ut
613 2729 729 2778 inimicis
755 2729 782 2777 in
809 2728 979 2794 obprobrium
1007 2732 1183 2789 verterentur,

172 2817 285 2866 quorum
306 2816 338 2850 ee
358 2799 402 2850 die
421 2817 483 2866 pars
509 2802 559 2851 fuit
581 2818 629 2866 per
650 2807 747 2852 cuncta
773 2803 901 2868 superior.
940 2801 1098 2851 Conturbati
1117 2813 1181 2850 vero

171 2873 315 2940 plurimum
336 2880 363 2924 et
382 2875 526 2935 conterriti,
546 2874 594 2924 sed
615 2875 721 2925 demum
740 2877 769 2924 in
788 2875 905 2925 Domino
925 2874 1051 2932 roborati,
1072 2873 1182 2925 definito

173 2947 287 2998 consilio
307 2963 397 2999 rursus
442 2981 1182 3001 .................

424 3057 587 3109 Recensio
607 3057 654 3109 ΙΙ.
675 3057 768 3109 codd.
788 3057 822 3114 Β,

150 3129 333 3181 coloniensis·
349 3146 413 3181 vero
443 3133 584 3198 episcopus
617 3137 828 3193 sacramentum,
860 3131 933 3196 quod
964 3131 1063 3181 dudum
1091 3131 1184 3181 Ottoni

7 3217 9 3264 r
69 3200 174 3266 iecerat,
219 3203 417 3270 parvipendens
456 3211 483 3256 et
516 3207 660 3270 periurium
693 3211 723 3255 et
748 3205 1049 3254 excommunicationem
1077 3208 1181 3268 aposto·

7 3283 9 3340 ᾗ
69 3272 113 3326 lici
140 3293 194 3326 non
220 3284 351 3339 metuens,
378 3284 440 3344 post
464 3278 562 3329 festum
588 3281 674 3329 sancti
695 3279 803 3328 Martini
820 3277 855 3327 ad
882 3277 995 3328 eundern
1021 3276 1183 3342 Phylippum

7 3347 9 3368 ³
72 3361 126 3398 cum
153 3351 222 3401 duce
244 3352 435 3402 Brabantie
456 3351 649 3402 confluentiam
672 3352 746 3401 venit
766 3352 831 3401 etei
850 3353 1026 3401 iuramentum
1044 3349 1184 3400 fidelitatis

7 3435 8 3484 5
73 3436 127 3472 curn
147 3423 216 3474 duce
235 3424 336 3474 ibidem
352 3425 425 3494 fecit.
464 3425 506 3475 Ibi
527 3427 606 3475 etiam
625 3442 672 3475 rex
685 3425 834 3490 Plrylippus
854 3424 986 3474 celebrem
1008 3425 1107 3474 curiam
1128 3440 1183 3473 orn-

70 3494 142 3547 nibus
162 3499 208 3563 qui
228 3497 341 3548 aderant
359 3499 525 3563 principibus
543 3501 571 3548 in
596 3499 748 3565 epyphania
768 3499 878 3546 Domini
897 3498 1060 3563 Aquisgrani
1079 3496 1185 3556 indicit,

7 3611 9 3626 ,
73 3573 96 3618 et
108 3569 274 3622 coloniensis
291 3587 350 3622 eum
363 3571 463 3621 ibidem
475 3573 504 3621 in
519 3587 610 3636 regem
631 3565 806 3622 consecrari(¹
820 3575 846 3620 et
858 3572 924 3635 ungi
940 3571 1078 3636 promittit.
1106 3569 1184 3631 Quod

7 3681 9 3690 ι

74 3645 97 3690 et
114 3643 213 3694 factum
234 3652 283 3713 est.
323 3645 380 3694 Rex
396 3645 485 3709 igitur,
505 3651 534 3695 ut
553 3650 736 3712 proposuerat,
757 3661 816 3695 cum
837 3644 1001 3709 pluribus
1017 3643 1093 3708 regni
1112 3644 1183 3708 prin·

7 3729 8 3744 ¹
74 3714 170 3780 cipibus
189 3718 352 3783 Aquisgrani
371 3719 453 3780 venit,
478 3717 548 3768 nbi*
574 3735 663 3769 rursus
691 3719 725 3768 ab
755 3718 878 3768 omnibus
904 3719 931 3766 in
956 3732 1047 3780 regern
1077 3715 1186 3780 eligitur

7 3827 8 3846 ,
75 3792 98 3837 et
114 3789 141 3838 in
160 3791 295 3842 aecclesia
314 3792 393 3842 beate
404 3793 490 3841 Marie
510 3792 693 3861 aOoloniensi
706 3790 910 3856 archiepiscopo
926 3806 986 3841 cum
998 3789 1084 3838 Maria
1102 3804 1184 3838 uxore

7 3877 8 3908 l

7 3909 9 3930 r

7 3931 8 3954 l

7 4021 9 4138 l

74 3874 117 3910 sua
135 3867 242 3928 ungitur
261 3871 288 3914 et
307 3870 486 3916 consecratur.

92 4007 98 4019 .
126 4009 132 4022 .
153 3938 224 3986 Hoc
244 3952 334 4025 anno
359 3938 409 3989 fuit
428 3945 499 3989 estas
525 3937 614 3988 calida
638 3943 665 3988 et
690 3938 765 3988 sicca
791 3943 818 3987 et
843 3937 955 4003 hyemps
980 3935 1138 4000 longissima
1158 3939 1186 3984 et

75 4021 146 4058 nnms
165 4026 318 4076 asperrima.

130 4117 157 4186 ¹¹²)
176 4119 223 4170 Bl
246 4121 302 4172 alia
320 4139 405 4173 manu
419 4129 481 4187 post
499 4119 528 4171 in
547 4138 631 4188 marq.
651 4121 753 4186 cuppla
776 4088 830 4170 lJbi
850 4136 908 4170 cum
923 4119 1038 4171 maximo
1052 4121 1185 4185 apparatu

178 4193 345 4247 Coloniensis
366 4195 597 4258 eioccurrit31bi
617 4210 664 4244 rex
683 4221 718 4230 -·
739 4221 772 4230 -
794 4194 930 4244 destituto.

78 4333 97 4385 ⁸)
112 4339 269 4440 quodpipdum
283 4341 326 4382 des,
344 4341 388 4382 02.
448 4339 472 4392 b)
488 4341 608 4381 Lovaniae
626 4364 652 4372 -
669 4351 720 4380 cum
736 4340 795 4382 duce
810 4339 853 4380 des.
870 4338 913 4378 02.
960 4334 1046 4387 eldeut
1061 4347 1080 4378 e.
1127 4336 1150 4388 d)
1166 4337 1187 4376 ri

80 4405 156 4440 reorr.
211 4430 217 4441 ,

82 4525 106 4591 1)
124 4528 162 4582 De
180 4531 222 4584 die
238 4531 272 4598 cf.
298 4531 478 4583 Winlrelmcnn
497 4532 522 4593 I,
537 4551 567 4598 p.
588 4532 641 4582 335
661 4549 688 4582 n.
709 4531 734 4582 2.
