2924 5006
86 395 273 448 CHRONICA
285 394 398 449 uncle
413 394 666 450 conoumrtsls.
685 395 788 450 ΟΟΝΤ.
799 396 837 448 11.
855 395 887 447 A.
901 395 980 448 1213.
991 395 1072 447 1214.
1111 395 1161 444 191

52 564 124 652 quia
144 586 164 628 a
178 563 285 628 seculo
300 563 454 631 inaudita.
497 563 595 629 Circa
608 585 707 650 pasca
722 563 807 628 enim
827 573 859 629 et
879 563 1108 649 penthecosten
1123 586 1165 629 ex
1175 595 1259 647 Am,
1269 619 1297 628 -
1379 569 1380 574 ’

52 648 134 716 omni
163 648 346 714 Theutonia
373 656 404 713 et
425 648 573 722 Francia,
594 646 680 713 nullo
708 647 854 713 hortante
881 669 942 712 nec
969 648 1163 734 predicante,
1174 657 1224 698 run.
1233 657 1254 697 1-

52 733 156 798 nescio
179 754 244 819 quo
266 733 380 818 spiritu
401 733 476 814 acti,
505 731 606 798 multa
629 731 720 796 milia
741 753 915 818 puerorum
936 754 956 796 a
978 734 998 798 6
1019 733 1111 796 annis
1132 743 1165 798 et

51 839 145 902 supra
160 838 264 902 usque
281 815 324 881 ad
340 814 464 882 virilem
481 825 607 897 etatem,
627 816 734 881 invitis
752 814 948 904 parentibus,
971 817 1117 901 cognatis
1132 827 1165 882 et

51 902 157 966 amicis
179 900 445 980 retrahentibns⁸,
474 900 605 987 quidam
625 909 732 965 aratra
752 898 805 965 vcl
826 921 937 964 currus
960 922 1039 986 quos
1062 901 1163 965 mina-

51 985 130 1067 bant,
158 983 215 1048 alii
237 1006 355 1071 pecora
377 1006 439 1071 que
462 985 646 1070 pascebant,
675 982 726 1049 vel
752 985 779 1050 si
809 1005 872 1071 qua
893 983 977 1048 aliab
1005 983 1165 1051 habebant

51 1091 103 1156 pre
118 1066 279 1151 manibus,
301 1067 525 1155 relinquentes,
546 1069 651 1134 subito
666 1090 750 1133 unus
764 1079 839 1154 post
853 1066 950 1133 alium
971 1081 1163 1152 currentes⁰,

52 1153 193 1219 crucibus
217 1175 252 1219 sc
273 1154 497 1239 signaverunt3
520 1155 628 1240 sicque
649 1174 708 1239 per
718 1154 852 1238 vigenos
875 1163 907 1218 et
922 1154 1164 1240 quinquagenos

52 1235 97 1303 vel
117 1247 271 1303 centenos
293 1239 406 1303 erectis
421 1236 547 1302 vexillis
561 1260 672 1303 versus
685 1236 926 1302 lherosolimam
940 1237 987 1302 ire
1002 1259 1039 1302 ce
1063 1247 1164 1303 erunt.

53 1320 195 1408 Cumque
217 1345 238 1387 a
260 1320 368 1387 multis
382 1323 629 1408 inquirerentur,
651 1322 742 1386 cuius
758 1320 901 1402 consilio,
924 1322 1016 1387 cuins
1037 1260 1165 1388 lorsam

52 1405 120 1471 huic
132 1407 185 1472 vie
202 1428 238 1472 se
253 1429 294 1472 ex
320 1407 488 1485 osuisscnt,
511 1406 678 1493 presertim
695 1427 768 1470 cum
785 1416 858 1470 ante
873 1405 1042 1470 nonnullos
1063 1427 1163 1471 annos

52 1513 82 1556 re
104 1513 138 1555 es
160 1489 266 1572 multi,
295 1429 393 1555 duces
419 1486 560 1590 plurimi,
586 1489 699 1590 populi
727 1488 974 1554 innumerabiles
1006 1491 1040 1554 in
1067 1501 1169 1554 manu·

52 1598 70 1640 v
100 1574 151 1639 'da
185 1573 264 1639 illuc
319 1584 518 1640 ervementes
551 1576 670 1640 inlecto
708 1575 836 1658 negotio
868 1575 989 1638 reversi
1020 1573 1165 1657 fuissent,

53 1660 133 1747 ipsos
155 1680 235 1724 vero
259 1680 278 1722 a
323 1682 365 1724 uc
392 1668 475 1724 etate
503 1657 620 1744 puerili
646 1680 706 1724 nec
732 1658 830 1723 robur
858 1680 917 1723 neo
939 1659 1023 1724 vires
1045 1658 1087 1722 ad
1108 1657 1164 1722 ali·

54 1743 124 1830 quid
144 1742 309 1828 agendum
336 1741 454 1808 habere
483 1753 515 1808 et
542 1742 616 1808 ideo
642 1741 737 1808 stulte
765 1753 797 1808 et
821 1741 945 1828 absque
972 1742 1163 1808 discretione

54 1827 108 1894 hoc
128 1828 253 1892 factum
281 1836 379 1893 attem
405 1835 508 1892 tatum
539 1826 581 1892 ab
611 1829 759 1893 omnibus
787 1825 992 1906 iudicaretur,
1024 1826 1165 1893 breviter

54 1912 295 1998 responderunt:
324 1913 358 1975 in
381 1850 448 1976 loo
470 1933 503 1976 sc
525 1914 617 1976 nutui
636 1933 751 2011 perere
773 1909 881 1976 divino
911 1920 943 1976 ct
963 1909 1047 1995 ideo,
1077 1911 1164 1997 quic·

56 1997 124 2083 quid
144 1997 240 2062 Deus
263 1996 303 2061 de
331 1997 377 2060 eis
404 1996 474 2059 fieri
496 1995 601 2078 vellet,
633 1996 697 2081 1psi
722 1994 834 2060 libenti
861 2017 899 2059 ao
928 2016 1029 2081 prono
1058 1997 1165 2060 animo

56 2081 252 2145 sustinerent.
298 2079 417 2166 Sioque
436 2079 635 2166 aliquantum
662 2081 714 2145 vie
740 2080 912 2164 progressi,
947 2079 1076 2166 quidam
1098 2079 1166 2144 Ma-

11 2191 12 2196 *
56 2165 165 2250 guntie,
189 2163 325 2251 quidam
345 2164 518 2247 Placentie,
541 2162 672 2250 qnidam
693 2185 770 2228 vero
788 2164 888 2228 ltome
909 2162 1165 2246 revertebantur3

54 2247 100 2313 clii
124 2271 202 2314 vero
225 2248 401 2313 Massiliam
430 2251 664 2334 pervenientes,
696 2259 804 2314 utrum
825 2249 1029 2328 transierintd
1053 2269 1164 2328 necne,

56 2331 100 2398 vel
120 2334 192 2421 quis
213 2333 289 2396 finis
310 2355 421 2398 eorum
442 2333 547 2412 fuerit,
574 2333 731 2397 incertum
754 2331 903 2414 habetm·;
931 2354 1029 2396 unum
1058 2343 1166 2398 tamen

58 2428 181 2501 constat,
204 2417 282 2504 quia
302 2440 345 2483 ex
367 2415 475 2482 multis
496 2416 637 2498 milibus,
668 2418 723 2503 qui
745 2416 964 2498 ascenderant,
991 2417 1165 2504 vixpauci

12 2561 15 2584 ,
56 2503 166 2567 reversi
188 2511 274 2566 sunt.

12 2603 13 2608 ’
284 2584 379 2650 Αιιιιο
402 2584 563 2652 dominice
584 2585 810 2650 incarnationis
836 2584 926 2650 1214.

131 2671 170 2735 In
202 2669 326 2758 pascha
354 2670 536 2735 Fn'dericus
568 2693 628 2735 rex
658 2669 747 2756 apud
777 2667 1013 2735 Confluentiam
1042 2671 1163 2734 curiam
1174 2691 1283 2733 rareto.

12 2757 13 2764 ’
59 2750 171 2836 habuit,
203 2752 262 2819 ubi
288 2755 450 2841 principes
480 2775 600 2836 omnes,
634 2776 769 2841 quorum
797 2753 928 2840 plurimi
958 2754 1164 2837 advenerant,

60 2839 288 2925 expeditionem
310 2838 507 2925 Aquisgrcni
528 2839 632 2904 iurare
659 2838 737 2904 fecit
761 2847 835 2925 post
880 2849 1063 2904 entecosten
1085 2837 1165 2904 cele·

60 2921 214 2994 brundam.
259 2924 299 2989 In
321 2923 567 3009 quadragesima
584 2911 718 3008 'quidam
742 2945 785 2988 ex
806 2859 1052 2989 Coldniensibus
1074 2920 1165 2987 Otto-

59 3027 124 3072 ucm
149 3008 433 3073 Monasteriensem
461 3008 658 3094 episcopum,
682 3006 772 3155 Sadt]
800 3007 865 3072 iem
896 3006 1015 3073 dictam
1043 3007 1164 3071 curiam

49 3153 55 3164 ,
136 3115 178 3176 m,
205 3094 242 3156 in
262 3093 333 3178 ipsa
354 3092 483 3158 civitate
505 3091 641 3158 Colonia
661 3113 681 3154 a
728 3092 878 3156 Sanctam
899 3091 1165 3177 Mariam-ingre-

13 3052 145 3274 ms
177 3185 342 3264 oeperunt,
374 3167 567 3263 captumque
597 3175 709 3242 Ottoni
742 3177 928 3260 imperatori
955 3173 1163 3258 tradiderunt,

13 3269 14 3276 ’
63 3281 109 3345 qur
128 3284 161 3326 se
183 3284 222 3327 eo
245 3271 388 3347 tempore
416 3261 503 3347 apud
524 3270 662 3326 castrum
684 3258 845 3326 Werdcne
867 3259 1050 3341 tuebatur13
1080 3259 1163 3323 unde

62 3345 123 3428 ipsa
143 3346 256 3412 civitas
278 3345 603 3411 excommunicationi
624 3343 793 3410 subiacuit.

134 3429 172 3494 In
184 3431 302 3496 Martio
317 3428 474 3495 lohannes
488 3452 547 3494 rex
558 3428 673 3514 Anglie
689 3451 763 3494 cum
777 3427 922 3494 exercitu
936 3450 1052 3514 magno
1067 3449 1109 3514 cp
1132 3450 1165 3492 a·

63 3519 183 3600 ratoque
197 3515 322 3601 ingenti
336 3513 505 3579 Franciam
521 3515 694 3598 ingressus,
717 3512 804 3598 apud
818 3512 998 3578 Pictavium
1012 3451 1165 3594 consedit,

63 3595 155 3680 urbes,
186 3597 326 3681 castella,
359 3598 502 3663 civitates
525 3607 557 3663 et
585 3600 701 3679 omnia,
731 3618 829 3683 super
850 3596 966 3683 quibus
995 3597 1064 3683 ipse
1092 3617 1165 3662 oum
1261 3621 1264 3628 ·

65 3700 128 3765 rege
141 3683 276 3747 Francie
297 3683 362 3747 iam
376 3682 477 3748 multo
492 3692 636 3768 tempore
651 3682 728 3748 satis
743 3682 859 3747 acriter
872 3678 1040 3746 altercatus
1054 3681 1165 3762 fuerat,

66 3775 198 3912 ppqenter
218 3767 350 3915 reqclpit,
378 3766 582 3852 confisusque
608 3767 641 3830 in
662 3765 847 3831 fortitudine
870 3787 937 3848 sua,
968 3763 1166 3852 aliquamdiu

66 3867 171 3914 lrcm
191 3873 260 3917 rese
286 3853 318 3917 ‘t

136 3933 338 4001 Innocentius
360 3956 445 4022 papa
462 3933 681 4021 interpellatus
695 3956 715 3998 a
729 3956 806 4020 rege
827 3944 860 3999 et
879 3932 1061 4019 patriarcha
1080 3932 1165 3998 lero·

68 4089 87 4142 ὅ)
109 4099 130 4136 et
149 4099 206 4141 trah.
227 4098 274 4140 Aa
363 4095 388 4149 b)
410 4099 458 4139 clla
481 4109 525 4148 qne
546 4097 594 4140 Aa
685 4095 707 4152 c)
730 4097 875 4138 currentibus
897 4108 953 4137 corr.
978 4099 1096 4137 eumentes
1118 4096 1165 4137 Aa.

69 4150 88 4202 t)
102 4157 235 4198 transierant
250 4158 298 4198 aa
359 4157 382 4210 e)
397 4159 453 4198 aaut
470 4157 517 4198 nc.

72 4282 95 4348 t)
114 4285 167 4340 Otto
177 4307 202 4342 a.
214 4292 292 4341 1218.
312 4291 341 4341 in
361 4299 446 4342 castro
466 4290 575 4344 Werden
594 4297 767 4342 commoratus
786 4297 840 4349 cct5
863 4297 887 4341 et
904 4287 934 4339 in
949 4287 997 4339 hoc
1017 4305 1088 4341 auco
1108 4287 1167 4356 (ced

71 4356 145 4412 ιιίιιιιι
170 4373 243 4429 rede,
270 4372 300 4416 ut
326 4364 448 4425 videtum
475 4365 508 4429 cf.
538 4363 614 4433 infra
646 4382 672 4415 a.
695 4361 777 4431 1216)
809 4361 922 4429 episcopi
949 4361 1166 4415 Monaeses-tenea

71 4433 199 4498 ceptionem
211 4437 289 4505 ponit
309 4435 380 4492 Oont.
402 4437 461 4490 ΙΙΙ.
