<?xml version="1.0" encoding="UTF-8"?>
<!DOCTYPE html PUBLIC "-//W3C//DTD XHTML 1.0 Transitional//EN"
    "http://www.w3.org/TR/xhtml1/DTD/xhtml1-transitional.dtd">
<html xmlns="http://www.w3.org/1999/xhtml" xml:lang="en" lang="en">
 <head>
  <title>
</title>
<meta http-equiv="Content-Type" content="text/html;charset=utf-8" />
  <meta name='ocr-system' content='tesseract 3.04.00' />
  <meta name='ocr-capabilities' content='ocr_page ocr_carea ocr_par ocr_line ocrx_word'/>
</head>
<body>
  <div class='ocr_page' id='page_1' title='image "./chronicaregiaco01waitgoog_0028.png"; bbox 0 0 2942 4998; ppageno 0'>
   <div class='ocr_carea' id='block_1_1' title="bbox 289 373 1155 432">
    <p class='ocr_par' dir='ltr' id='par_1_1' title="bbox 289 373 1155 432">
     <span class='ocr_line' id='line_1_1' title="bbox 289 373 1155 432; baseline -0.008 -2"><span class='ocrx_word' id='word_1_1' title='bbox 289 380 371 432; x_wconf 85' lang='lat' dir='ltr'>XXII</span> <span class='ocrx_word' id='word_1_2' title='bbox 563 377 749 430; x_wconf 80' lang='lat' dir='ltr'><em>CHRONIOA</em></span> <span class='ocrx_word' id='word_1_3' title='bbox 770 376 883 428; x_wconf 76' lang='lat' dir='ltr'>REGIA</span> <span class='ocrx_word' id='word_1_4' title='bbox 903 373 1155 428; x_wconf 80' lang='lat' dir='ltr'><em>COLONIENSIS.</em></span> 
     </span>
    </p>
   </div>
   <div class='ocr_carea' id='block_1_2' title="bbox 288 543 1441 718">
    <p class='ocr_par' dir='ltr' id='par_1_2' title="bbox 288 543 1441 718">
     <span class='ocr_line' id='line_1_2' title="bbox 293 543 1441 628; baseline -0.004 -15"><span class='ocrx_word' id='word_1_5' title='bbox 293 548 418 613; x_wconf 90' lang='lat' dir='ltr'><em>codices</em></span> <span class='ocrx_word' id='word_1_6' title='bbox 443 546 500 611; x_wconf 77' lang='lat'><em>01</em></span> <span class='ocrx_word' id='word_1_7' title='bbox 530 554 559 610; x_wconf 93' lang='lat' dir='ltr'><em>et</em></span> <span class='ocrx_word' id='word_1_8' title='bbox 585 546 651 608; x_wconf 90' lang='lat' dir='ltr'><em>Bl</em></span> <span class='ocrx_word' id='word_1_9' title='bbox 679 543 786 628; x_wconf 79' lang='lat'><em>(02),</em></span> <span class='ocrx_word' id='word_1_10' title='bbox 816 565 847 614; x_wconf 81' lang='lat' dir='ltr'><em>a.</em></span> <span class='ocrx_word' id='word_1_11' title='bbox 872 543 1091 609; x_wconf 82' lang='lat'><em>1106-1199.</em></span> <span class='ocrx_word' id='word_1_12' title='bbox 1114 543 1239 608; x_wconf 87' lang='lat' dir='ltr'><em>codices</em></span> <span class='ocrx_word' id='word_1_13' title='bbox 1262 544 1292 607; x_wconf 84' lang='lat' dir='ltr'><em>A</em></span> <span class='ocrx_word' id='word_1_14' title='bbox 1319 553 1348 608; x_wconf 94' lang='lat' dir='ltr'><em>et</em></span> <span class='ocrx_word' id='word_1_15' title='bbox 1370 543 1414 626; x_wconf 91' lang='lat' dir='ltr'><em>B,</em></span> <span class='ocrx_word' id='word_1_16' title='bbox 1440 543 1441 546; x_wconf 64' lang='grc'>’</span> 
     </span>
     <span class='ocr_line' id='line_1_3' title="bbox 288 627 1416 718; baseline -0.002 -23"><span class='ocrx_word' id='word_1_17' title='bbox 288 641 406 718; x_wconf 86' lang='lat' dir='ltr'><em>postea</em></span> <span class='ocrx_word' id='word_1_18' title='bbox 424 629 453 696; x_wconf 81' lang='lat'><em>0</em></span> <span class='ocrx_word' id='word_1_19' title='bbox 470 639 498 694; x_wconf 95' lang='lat' dir='ltr'><em>et</em></span> <span class='ocrx_word' id='word_1_20' title='bbox 512 630 544 692; x_wconf 92' lang='lat' dir='ltr'><em>B</em></span> <span class='ocrx_word' id='word_1_21' title='bbox 559 630 739 715; x_wconf 84' lang='lat' dir='ltr'><em>praebent,·</em></span> <span class='ocrx_word' id='word_1_22' title='bbox 767 627 849 692; x_wconf 85' lang='lat' dir='ltr'><em>alibi</em></span> <span class='ocrx_word' id='word_1_23' title='bbox 869 629 1086 692; x_wconf 74' lang='lat' dir='ltr'><em>recensionem</em></span> <span class='ocrx_word' id='word_1_24' title='bbox 1111 627 1150 708; x_wconf 77' lang='lat'><em>0,</em></span> <span class='ocrx_word' id='word_1_25' title='bbox 1174 651 1258 713; x_wconf 81' lang='lat' dir='ltr'><em>quae</em></span> <span class='ocrx_word' id='word_1_26' title='bbox 1280 631 1367 693; x_wconf 86' lang='lat' dir='ltr'><em>inter</em></span> <span class='ocrx_word' id='word_1_27' title='bbox 1383 631 1416 693; x_wconf 85' lang='lat' dir='ltr'><strong><em>A</em></strong></span> 
     </span>
    </p>
   </div>
   <div class='ocr_carea' id='block_1_3' title="bbox 286 713 1423 2483">
    <p class='ocr_par' dir='ltr' id='par_1_3' title="bbox 286 713 1418 1473">
     <span class='ocr_line' id='line_1_4' title="bbox 294 713 1415 799; baseline -0.004 -18"><span class='ocrx_word' id='word_1_28' title='bbox 294 725 322 782; x_wconf 93' lang='lat' dir='ltr'><em>et</em></span> <span class='ocrx_word' id='word_1_29' title='bbox 344 715 377 778; x_wconf 91' lang='lat' dir='ltr'><em>B</em></span> <span class='ocrx_word' id='word_1_30' title='bbox 398 714 538 778; x_wconf 86' lang='lat' dir='ltr'><em>mediam</em></span> <span class='ocrx_word' id='word_1_31' title='bbox 555 723 689 798; x_wconf 87' lang='lat' dir='ltr'><em>partem</em></span> <span class='ocrx_word' id='word_1_32' title='bbox 709 721 803 791; x_wconf 87' lang='lat' dir='ltr'><em>tenet,</em></span> <span class='ocrx_word' id='word_1_33' title='bbox 825 734 899 776; x_wconf 87' lang='lat' dir='ltr'><em>cum</em></span> <span class='ocrx_word' id='word_1_34' title='bbox 919 734 959 776; x_wconf 85' lang='lat' dir='ltr'><em>aa</em></span> <span class='ocrx_word' id='word_1_35' title='bbox 980 714 1222 798; x_wconf 80' lang='lat' dir='ltr'><em>conianperem,</em></span> <span class='ocrx_word' id='word_1_36' title='bbox 1246 713 1292 777; x_wconf 85' lang='lat' dir='ltr'><em>acl</em></span> <span class='ocrx_word' id='word_1_37' title='bbox 1315 737 1415 799; x_wconf 81' lang='lat' dir='ltr'><em>quam</em></span> 
     </span>
     <span class='ocr_line' id='line_1_5' title="bbox 289 796 1414 886; baseline -0.002 -21"><span class='ocrx_word' id='word_1_38' title='bbox 289 822 355 886; x_wconf 91' lang='lat' dir='ltr'><em>pro</em></span> <span class='ocrx_word' id='word_1_39' title='bbox 381 803 436 864; x_wconf 91' lang='lat' dir='ltr'><em>ius</em></span> <span class='ocrx_word' id='word_1_40' title='bbox 458 798 592 865; x_wconf 91' lang='lat' dir='ltr'><em>accedit.</em></span> <span class='ocrx_word' id='word_1_41' title='bbox 628 797 785 864; x_wconf 80' lang='lat' dir='ltr'><strong><em>Codicum</em></strong></span> <span class='ocrx_word' id='word_1_42' title='bbox 799 798 830 858; x_wconf 88' lang='lat' dir='ltr'><strong><em>A</em></strong></span> <span class='ocrx_word' id='word_1_43' title='bbox 847 797 864 859; x_wconf 91' lang='lat'>1</span> <span class='ocrx_word' id='word_1_44' title='bbox 886 798 916 859; x_wconf 89' lang='lat' dir='ltr'><em>et</em></span> <span class='ocrx_word' id='word_1_45' title='bbox 937 796 1002 860; x_wconf 91' lang='lat' dir='ltr'><em>Bl</em></span> <span class='ocrx_word' id='word_1_46' title='bbox 1025 799 1198 883; x_wconf 72' lang='lat' dir='ltr'><em>intepram</em></span> <span class='ocrx_word' id='word_1_47' title='bbox 1221 796 1288 862; x_wconf 64' lang='lat' dir='ltr'><em>A?</em></span> <span class='ocrx_word' id='word_1_48' title='bbox 1309 807 1340 862; x_wconf 92' lang='lat' dir='ltr'><em>et</em></span> <span class='ocrx_word' id='word_1_49' title='bbox 1356 798 1386 863; x_wconf 87' lang='lat' dir='ltr'><em>C</em></span> <span class='ocrx_word' id='word_1_50' title='bbox 1398 799 1414 863; x_wconf 93' lang='grc'><strong>1</strong></span> 
     </span>
     <span class='ocr_line' id='line_1_6' title="bbox 295 881 1416 969; baseline -0.001 -21"><span class='ocrx_word' id='word_1_51' title='bbox 295 894 323 948; x_wconf 92' lang='lat' dir='ltr'><em>et</em></span> <span class='ocrx_word' id='word_1_52' title='bbox 394 882 596 969; x_wconf 78' lang='lat' dir='ltr'><em>neplipenter</em></span> <span class='ocrx_word' id='word_1_53' title='bbox 625 890 837 945; x_wconf 79' lang='lat' dir='ltr'><em>enecatorum</em></span> <span class='ocrx_word' id='word_1_54' title='bbox 864 881 1083 965; x_wconf 88' lang='lat' dir='ltr'><em>praecipuam</em></span> <span class='ocrx_word' id='word_1_55' title='bbox 1110 889 1239 944; x_wconf 89' lang='lat' dir='ltr'><em>tantum</em></span> <span class='ocrx_word' id='word_1_56' title='bbox 1267 881 1416 947; x_wconf 85' lang='lat' dir='ltr'><em>lectionis</em></span> 
     </span>
     <span class='ocr_line' id='line_1_7' title="bbox 294 965 1416 1052; baseline -0.004 -18"><span class='ocrx_word' id='word_1_57' title='bbox 294 971 484 1034; x_wconf 83' lang='lat' dir='ltr'><em>varietatem</em></span> <span class='ocrx_word' id='word_1_58' title='bbox 505 969 678 1051; x_wconf 89' lang='lat' dir='ltr'><em>proposui,</em></span> <span class='ocrx_word' id='word_1_59' title='bbox 715 966 946 1029; x_wconf 73' lang='lat' dir='ltr'><em>annotationes</em></span> <span class='ocrx_word' id='word_1_60' title='bbox 972 987 1049 1030; x_wconf 88' lang='lat' dir='ltr'><em>aero</em></span> <span class='ocrx_word' id='word_1_61' title='bbox 1077 987 1133 1029; x_wconf 94' lang='lat' dir='ltr'><em>eas</em></span> <span class='ocrx_word' id='word_1_62' title='bbox 1163 965 1293 1047; x_wconf 89' lang='lat' dir='ltr'><em>addidi,</em></span> <span class='ocrx_word' id='word_1_63' title='bbox 1330 989 1416 1052; x_wconf 81' lang='lat' dir='ltr'><em>qnae</em></span> 
     </span>
     <span class='ocr_line' id='line_1_8' title="bbox 286 1049 1416 1138; baseline -0.003 -19"><span class='ocrx_word' id='word_1_64' title='bbox 286 1053 411 1138; x_wconf 79' lang='lat' dir='ltr'><em>fontes,</em></span> <span class='ocrx_word' id='word_1_65' title='bbox 434 1059 587 1137; x_wconf 79' lang='lat' dir='ltr'><em>quotquot</em></span> <span class='ocrx_word' id='word_1_66' title='bbox 607 1052 831 1128; x_wconf 88' lang='lat' dir='ltr'><em>innotuerunt,</em></span> <span class='ocrx_word' id='word_1_67' title='bbox 859 1049 1023 1129; x_wconf 91' lang='lat' dir='ltr'><em>indicant,</em></span> <span class='ocrx_word' id='word_1_68' title='bbox 1052 1059 1199 1135; x_wconf 86' lang='lat' dir='ltr'><em>tempora</em></span> <span class='ocrx_word' id='word_1_69' title='bbox 1222 1053 1416 1116; x_wconf 87' lang='lat' dir='ltr'><em>accuratius</em></span> 
     </span>
     <span class='ocr_line' id='line_1_9' title="bbox 295 1133 1418 1221; baseline -0.005 -18"><span class='ocrx_word' id='word_1_70' title='bbox 295 1138 458 1221; x_wconf 80' lang='lat' dir='ltr'><em>definiunt</em></span> <span class='ocrx_word' id='word_1_71' title='bbox 468 1144 497 1199; x_wconf 94' lang='lat' dir='ltr'><em>et</em></span> <span class='ocrx_word' id='word_1_72' title='bbox 508 1155 634 1199; x_wconf 89' lang='lat' dir='ltr'><em>errores</em></span> <span class='ocrx_word' id='word_1_73' title='bbox 645 1134 686 1197; x_wconf 88' lang='lat' dir='ltr'><em>ah</em></span> <span class='ocrx_word' id='word_1_74' title='bbox 695 1133 883 1198; x_wconf 84' lang='lat' dir='ltr'><em>auctoribus</em></span> <span class='ocrx_word' id='word_1_75' title='bbox 891 1135 1076 1198; x_wconf 88' lang='lat' dir='ltr'><em>commissos</em></span> <span class='ocrx_word' id='word_1_76' title='bbox 1084 1134 1221 1198; x_wconf 81' lang='lat' dir='ltr'><em>breviter</em></span> <span class='ocrx_word' id='word_1_77' title='bbox 1229 1157 1268 1198; x_wconf 87' lang='lat' dir='ltr'><em>eoc</em></span> <span class='ocrx_word' id='word_1_78' title='bbox 1293 1144 1418 1218; x_wconf 79' lang='lat' dir='ltr'><em>ouant,-</em></span> 
     </span>
     <span class='ocr_line' id='line_1_10' title="bbox 295 1215 1418 1307; baseline -0.004 -21"><span class='ocrx_word' id='word_1_79' title='bbox 295 1224 333 1286; x_wconf 89' lang='lat' dir='ltr'><em>in</em></span> <span class='ocrx_word' id='word_1_80' title='bbox 342 1220 460 1307; x_wconf 84' lang='lat' dir='ltr'><em>quihus</em></span> <span class='ocrx_word' id='word_1_81' title='bbox 469 1217 679 1300; x_wconf 78' lang='lat' dir='ltr'><em>conficiendis</em></span> <span class='ocrx_word' id='word_1_82' title='bbox 690 1240 773 1304; x_wconf 84' lang='lat' dir='ltr'><em>quae</em></span> <span class='ocrx_word' id='word_1_83' title='bbox 782 1216 841 1285; x_wconf 89' lang='lat' dir='ltr'><em>VV.</em></span> <span class='ocrx_word' id='word_1_84' title='bbox 854 1215 1252 1299; x_wconf 87' lang='lat' dir='ltr'><em>Cll.Lehmann,Platner,</em></span> <span class='ocrx_word' id='word_1_85' title='bbox 1287 1217 1418 1304; x_wconf 84' lang='lat' dir='ltr'><em>cheffer·</em></span> 
     </span>
     <span class='ocr_line' id='line_1_11' title="bbox 295 1300 1417 1383; baseline -0.004 -13"><span class='ocrx_word' id='word_1_86' title='bbox 295 1305 480 1383; x_wconf 90' lang='lat' dir='ltr'><em>Boichorst,</em></span> <span class='ocrx_word' id='word_1_87' title='bbox 507 1303 692 1383; x_wconf 84' lang='lat' dir='ltr'><em>Cardauns,</em></span> <span class='ocrx_word' id='word_1_88' title='bbox 714 1300 834 1381; x_wconf 85' lang='lat' dir='ltr'><em>Arndt,</em></span> <span class='ocrx_word' id='word_1_89' title='bbox 864 1302 900 1365; x_wconf 84' lang='lat'><em>0.</em></span> <span class='ocrx_word' id='word_1_90' title='bbox 916 1302 1005 1383; x_wconf 85' lang='lat' dir='ltr'><em>Abel,</em></span> <span class='ocrx_word' id='word_1_91' title='bbox 1028 1301 1255 1367; x_wconf 83' lang='lat' dir='ltr'><em>Winlcelmann</em></span> <span class='ocrx_word' id='word_1_92' title='bbox 1277 1303 1341 1368; x_wconf 91' lang='lat' dir='ltr'><em>alii</em></span> <span class='ocrx_word' id='word_1_93' title='bbox 1364 1326 1417 1368; x_wconf 75' lang='lat' dir='ltr'><em>ecc-</em></span> 
     </span>
     <span class='ocr_line' id='line_1_12' title="bbox 296 1386 1418 1473; baseline -0.004 -19"><span class='ocrx_word' id='word_1_94' title='bbox 296 1389 474 1454; x_wconf 86' lang='lat' dir='ltr'><em>hibuerunt</em></span> <span class='ocrx_word' id='word_1_95' title='bbox 498 1409 620 1473; x_wconf 79' lang='lat' dir='ltr'><em>mapno</em></span> <span class='ocrx_word' id='word_1_96' title='bbox 649 1389 727 1450; x_wconf 88' lang='lat' dir='ltr'><em>usui</em></span> <span class='ocrx_word' id='word_1_97' title='bbox 753 1387 836 1451; x_wconf 90' lang='lat' dir='ltr'><em>mihi</em></span> <span class='ocrx_word' id='word_1_98' title='bbox 847 1386 970 1471; x_wconf 86' lang='lat' dir='ltr'><em>fuisse,</em></span> <span class='ocrx_word' id='word_1_99' title='bbox 999 1396 1096 1472; x_wconf 79' lang='lat' dir='ltr'><em>prato</em></span> <span class='ocrx_word' id='word_1_100' title='bbox 1119 1388 1231 1451; x_wconf 89' lang='lat' dir='ltr'><em>animo</em></span> <span class='ocrx_word' id='word_1_101' title='bbox 1247 1387 1418 1471; x_wconf 82' lang='lat' dir='ltr'><em>profiteor.</em></span> 
     </span>
    </p>

    <p class='ocr_par' dir='ltr' id='par_1_4' title="bbox 297 1471 1418 1724">
     <span class='ocr_line' id='line_1_13' title="bbox 382 1471 1417 1557; baseline 0.001 -21"><span class='ocrx_word' id='word_1_102' title='bbox 382 1472 588 1557; x_wconf 67' lang='lat' dir='ltr'><em>Appendices</em></span> <span class='ocrx_word' id='word_1_103' title='bbox 610 1471 678 1535; x_wconf 92' lang='lat' dir='ltr'><em>loco</em></span> <span class='ocrx_word' id='word_1_104' title='bbox 701 1472 809 1536; x_wconf 89' lang='lat' dir='ltr'><em>adieci</em></span> <span class='ocrx_word' id='word_1_105' title='bbox 830 1481 1039 1536; x_wconf 89' lang='lat' dir='ltr'><em>monumenta</em></span> <span class='ocrx_word' id='word_1_106' title='bbox 1053 1471 1205 1535; x_wconf 86' lang='lat' dir='ltr'><em>hreoiora</em></span> <span class='ocrx_word' id='word_1_107' title='bbox 1227 1480 1295 1536; x_wconf 90' lang='lat' dir='ltr'><em>tam</em></span> <span class='ocrx_word' id='word_1_108' title='bbox 1316 1472 1417 1537; x_wconf 89' lang='lat' dir='ltr'><em>histo·</em></span> 
     </span>
     <span class='ocr_line' id='line_1_14' title="bbox 297 1554 1418 1642; baseline -0.001 -19"><span class='ocrx_word' id='word_1_109' title='bbox 297 1561 386 1623; x_wconf 89' lang='lat' dir='ltr'><em>riam</em></span> <span class='ocrx_word' id='word_1_110' title='bbox 411 1556 631 1622; x_wconf 81' lang='lat' dir='ltr'><em>Coloniensem</em></span> <span class='ocrx_word' id='word_1_111' title='bbox 652 1577 678 1616; x_wconf 89' lang='lat' dir='ltr'><em>s.</em></span> <span class='ocrx_word' id='word_1_112' title='bbox 692 1555 767 1622; x_wconf 86' lang='lat' dir='ltr'><strong><em>XII.</em></strong></span> <span class='ocrx_word' id='word_1_113' title='bbox 795 1565 824 1618; x_wconf 92' lang='lat' dir='ltr'><em>et</em></span> <span class='ocrx_word' id='word_1_114' title='bbox 845 1555 939 1618; x_wconf 89' lang='lat' dir='ltr'><em>XIII.</em></span> <span class='ocrx_word' id='word_1_115' title='bbox 969 1578 1068 1639; x_wconf 82' lang='lat' dir='ltr'><em>quam</em></span> <span class='ocrx_word' id='word_1_116' title='bbox 1093 1554 1275 1622; x_wconf 82' lang='lat' dir='ltr'><em>Chronicae</em></span> <span class='ocrx_word' id='word_1_117' title='bbox 1304 1559 1418 1642; x_wconf 79' lang='lat' dir='ltr'><em>rapias</em></span> 
     </span>
     <span class='ocr_line' id='line_1_15' title="bbox 298 1637 1069 1724; baseline -0.004 -18"><span class='ocrx_word' id='word_1_118' title='bbox 298 1651 334 1706; x_wconf 90' lang='lat' dir='ltr'><em>ut</em></span> <span class='ocrx_word' id='word_1_119' title='bbox 354 1642 404 1706; x_wconf 91' lang='lat' dir='ltr'><em>ita</em></span> <span class='ocrx_word' id='word_1_120' title='bbox 427 1641 536 1704; x_wconf 90' lang='lat' dir='ltr'><em>dicam</em></span> <span class='ocrx_word' id='word_1_121' title='bbox 558 1638 685 1704; x_wconf 90' lang='lat' dir='ltr'><em>natales</em></span> <span class='ocrx_word' id='word_1_122' title='bbox 707 1649 735 1702; x_wconf 89' lang='lat' dir='ltr'><em>et</em></span> <span class='ocrx_word' id='word_1_123' title='bbox 748 1638 831 1724; x_wconf 83' lang='lat' dir='ltr'><em>fata</em></span> <span class='ocrx_word' id='word_1_124' title='bbox 853 1637 1069 1704; x_wconf 76' lang='lat' dir='ltr'><em>illustrantia.</em></span> 
     </span>
    </p>

    <p class='ocr_par' dir='ltr' id='par_1_5' title="bbox 298 1721 1419 1893">
     <span class='ocr_line' id='line_1_16' title="bbox 384 1721 1419 1812; baseline 0 -23"><span class='ocrx_word' id='word_1_125' title='bbox 384 1726 410 1789; x_wconf 93' lang='lat' dir='ltr'><em>I.</em></span> <span class='ocrx_word' id='word_1_126' title='bbox 457 1724 621 1788; x_wconf 86' lang='lat' dir='ltr'><em>Versionis</em></span> <span class='ocrx_word' id='word_1_127' title='bbox 651 1721 869 1788; x_wconf 80' lang='lat' dir='ltr'><em>Germanicae</em></span> <span class='ocrx_word' id='word_1_128' title='bbox 892 1725 1141 1809; x_wconf 74' lang='lat' dir='ltr'><em>praefationem</em></span> <span class='ocrx_word' id='word_1_129' title='bbox 1171 1745 1212 1788; x_wconf 80' lang='lat' dir='ltr'><em>em</em></span> <span class='ocrx_word' id='word_1_130' title='bbox 1239 1724 1309 1789; x_wconf 86' lang='lat' dir='ltr'><em>cod.</em></span> <span class='ocrx_word' id='word_1_131' title='bbox 1338 1724 1419 1812; x_wconf 80' lang='lat' dir='ltr'><em>Dip-</em></span> 
     </span>
     <span class='ocr_line' id='line_1_17' title="bbox 298 1809 716 1893; baseline -0.01 -17"><span class='ocrx_word' id='word_1_132' title='bbox 298 1811 401 1876; x_wconf 88' lang='lat' dir='ltr'><em>siensi</em></span> <span class='ocrx_word' id='word_1_133' title='bbox 423 1809 472 1892; x_wconf 88' lang='lat' dir='ltr'><em>(B</em></span> <span class='ocrx_word' id='word_1_134' title='bbox 482 1810 521 1890; x_wconf 83' lang='lat'><em>2)</em></span> <span class='ocrx_word' id='word_1_135' title='bbox 544 1810 716 1893; x_wconf 75' lang='lat' dir='ltr'><em>descripsi.</em></span> 
     </span>
    </p>

    <p class='ocr_par' dir='ltr' id='par_1_6' title="bbox 295 1890 1422 2399">
     <span class='ocr_line' id='line_1_18' title="bbox 383 1890 1421 1959; baseline 0.001 -2"><span class='ocrx_word' id='word_1_136' title='bbox 383 1894 429 1957; x_wconf 91' lang='lat' dir='ltr'><em>II.</em></span> <span class='ocrx_word' id='word_1_137' title='bbox 473 1893 622 1958; x_wconf 87' lang='lat' dir='ltr'><em>Annales</em></span> <span class='ocrx_word' id='word_1_138' title='bbox 651 1892 905 1958; x_wconf 63' lang='lat' dir='ltr'><em>&amp;Gereonis</em></span> <span class='ocrx_word' id='word_1_139' title='bbox 937 1890 1203 1958; x_wconf 86' lang='lat' dir='ltr'><em>Colonienses</em></span> <span class='ocrx_word' id='word_1_140' title='bbox 1237 1915 1278 1957; x_wconf 79' lang='lat' dir='ltr'><em>eu</em></span> <span class='ocrx_word' id='word_1_141' title='bbox 1310 1893 1421 1959; x_wconf 89' lang='lat' dir='ltr'><em>codice</em></span> 
     </span>
     <span class='ocr_line' id='line_1_19' title="bbox 298 1975 1421 2064; baseline -0.006 -17"><span class='ocrx_word' id='word_1_142' title='bbox 298 2003 388 2047; x_wconf 85' lang='lat' dir='ltr'><em>nanc</em></span> <span class='ocrx_word' id='word_1_143' title='bbox 410 1977 574 2042; x_wconf 81' lang='lat' dir='ltr'><em>tabularii</em></span> <span class='ocrx_word' id='word_1_144' title='bbox 602 1979 690 2064; x_wconf 79' lang='lat' dir='ltr'><em>repii</em></span> <span class='ocrx_word' id='word_1_145' title='bbox 710 1975 1008 2058; x_wconf 82' lang='lat' dir='ltr'><em>Dnsscldorflensis</em></span> <span class='ocrx_word' id='word_1_146' title='bbox 1030 1978 1180 2061; x_wconf 89' lang='lat' dir='ltr'><em>primum</em></span> <span class='ocrx_word' id='word_1_147' title='bbox 1208 1977 1289 2041; x_wconf 90' lang='lat' dir='ltr'><em>editi</em></span> <span class='ocrx_word' id='word_1_148' title='bbox 1312 1977 1421 2040; x_wconf 85' lang='lat' dir='ltr'><em>‘Iahr-</em></span> 
     </span>
     <span class='ocr_line' id='line_1_20' title="bbox 299 2058 1422 2144; baseline -0.003 -16"><span class='ocrx_word' id='word_1_149' title='bbox 299 2064 419 2128; x_wconf 82' lang='lat' dir='ltr'><em>bilcher</em></span> <span class='ocrx_word' id='word_1_150' title='bbox 441 2062 497 2126; x_wconf 90' lang='lat' dir='ltr'><em>des</em></span> <span class='ocrx_word' id='word_1_151' title='bbox 519 2061 649 2126; x_wconf 89' lang='lat' dir='ltr'><em>Vereins</em></span> <span class='ocrx_word' id='word_1_152' title='bbox 671 2084 734 2125; x_wconf 90' lang='lat' dir='ltr'><em>oon</em></span> <span class='ocrx_word' id='word_1_153' title='bbox 747 2058 1112 2144; x_wconf 62' lang='lat' dir='ltr'><em>Altcrthamsp‘reunden</em></span> <span class='ocrx_word' id='word_1_154' title='bbox 1134 2063 1179 2124; x_wconf 86' lang='lat' dir='ltr'><em>im</em></span> <span class='ocrx_word' id='word_1_155' title='bbox 1200 2061 1422 2126; x_wconf 83' lang='lat' dir='ltr'><em>Rheinlande’</em></span> 
     </span>
     <span class='ocr_line' id='line_1_21' title="bbox 299 2144 1422 2293; baseline -0.002 -82"><span class='ocrx_word' id='word_1_156' title='bbox 299 2148 376 2225; x_wconf 90' lang='lat' dir='ltr'><em>XII,</em></span> <span class='ocrx_word' id='word_1_157' title='bbox 395 2169 431 2230; x_wconf 89' lang='lat' dir='ltr'><em>p.</em></span> <span class='ocrx_word' id='word_1_158' title='bbox 457 2145 517 2210; x_wconf 84' lang='lat'><em>154</em></span> <span class='ocrx_word' id='word_1_159' title='bbox 525 2168 537 2226; x_wconf 91' lang='lat'><em>,·</em></span> <span class='ocrx_word' id='word_1_160' title='bbox 559 2145 645 2227; x_wconf 87' lang='lat' dir='ltr'><em>XIV,</em></span> <span class='ocrx_word' id='word_1_161' title='bbox 667 2168 705 2293; x_wconf 76' lang='lat' dir='ltr'><em>p.</em></span> <span class='ocrx_word' id='word_1_162' title='bbox 730 2146 780 2227; x_wconf 80' lang='lat'><em>12,</em></span> <span class='ocrx_word' id='word_1_163' title='bbox 828 2153 876 2209; x_wconf 95' lang='lat' dir='ltr'><em>ost</em></span> <span class='ocrx_word' id='word_1_164' title='bbox 898 2169 919 2208; x_wconf 92' lang='lat' dir='ltr'><em>a</em></span> <span class='ocrx_word' id='word_1_165' title='bbox 941 2144 1084 2209; x_wconf 83' lang='lat' dir='ltr'><em>Bo&#39;hmer</em></span> <span class='ocrx_word' id='word_1_166' title='bbox 1105 2148 1193 2210; x_wconf 88' lang='lat' dir='ltr'><em>inter</em></span> <span class='ocrx_word' id='word_1_167' title='bbox 1213 2146 1331 2210; x_wconf 87' lang='lat' dir='ltr'><em>Fontes</em></span> <span class='ocrx_word' id='word_1_168' title='bbox 1354 2147 1422 2228; x_wconf 92' lang='lat' dir='ltr'><em>III,</em></span> 
     </span>
     <span class='ocr_line' id='line_1_22' title="bbox 295 2229 1421 2317; baseline 0.001 -23"><span class='ocrx_word' id='word_1_169' title='bbox 295 2255 334 2317; x_wconf 89' lang='lat' dir='ltr'><em>p.</em></span> <span class='ocrx_word' id='word_1_170' title='bbox 358 2229 431 2294; x_wconf 82' lang='lat'><em>399.</em></span> <span class='ocrx_word' id='word_1_171' title='bbox 459 2231 590 2313; x_wconf 85' lang='lat' dir='ltr'><em>recepti,</em></span> <span class='ocrx_word' id='word_1_172' title='bbox 624 2251 644 2290; x_wconf 92' lang='lat' dir='ltr'><em>a</em></span> <span class='ocrx_word' id='word_1_173' title='bbox 689 2253 759 2293; x_wconf 91' lang='lat' dir='ltr'><em>.m.</em></span> <span class='ocrx_word' id='word_1_174' title='bbox 815 2229 890 2292; x_wconf 89' lang='lat' dir='ltr'><em>.H.</em></span> <span class='ocrx_word' id='word_1_175' title='bbox 912 2229 1006 2292; x_wconf 77' lang='lat' dir='ltr'><em>Perta</em></span> <span class='ocrx_word' id='word_1_176' title='bbox 1031 2251 1107 2294; x_wconf 87' lang='lat' dir='ltr'><em>cero</em></span> <span class='ocrx_word' id='word_1_177' title='bbox 1136 2251 1177 2294; x_wconf 84' lang='lat' dir='ltr'><em>en</em></span> <span class='ocrx_word' id='word_1_178' title='bbox 1205 2231 1280 2315; x_wconf 89' lang='lat' dir='ltr'><em>ipso</em></span> <span class='ocrx_word' id='word_1_179' title='bbox 1309 2231 1421 2296; x_wconf 88' lang='lat' dir='ltr'><em>codice</em></span> 
     </span>
     <span class='ocr_line' id='line_1_23' title="bbox 302 2311 1215 2399; baseline -0.003 -19"><span class='ocrx_word' id='word_1_180' title='bbox 302 2315 461 2398; x_wconf 83' lang='lat' dir='ltr'><em>descripti</em></span> <span class='ocrx_word' id='word_1_181' title='bbox 482 2311 691 2398; x_wconf 80' lang='lat' dir='ltr'><em>Scriptorum</em></span> <span class='ocrx_word' id='word_1_182' title='bbox 713 2322 734 2377; x_wconf 92' lang='lat' dir='ltr'><em>t.</em></span> <span class='ocrx_word' id='word_1_183' title='bbox 749 2314 834 2397; x_wconf 85' lang='lat' dir='ltr'><em>XVI,</em></span> <span class='ocrx_word' id='word_1_184' title='bbox 853 2336 891 2397; x_wconf 91' lang='lat' dir='ltr'><em>p.</em></span> <span class='ocrx_word' id='word_1_185' title='bbox 915 2313 986 2378; x_wconf 83' lang='lat'><em>733.</em></span> <span class='ocrx_word' id='word_1_186' title='bbox 1002 2315 1215 2399; x_wconf 87' lang='lat' dir='ltr'><em>prodierunt.</em></span> 
     </span>
    </p>

    <p class='ocr_par' dir='ltr' id='par_1_7' title="bbox 386 2397 1423 2483">
     <span class='ocr_line' id='line_1_24' title="bbox 386 2397 1423 2483; baseline 0.003 -22"><span class='ocrx_word' id='word_1_187' title='bbox 386 2398 450 2461; x_wconf 90' lang='lat' dir='ltr'><em>III.</em></span> <span class='ocrx_word' id='word_1_188' title='bbox 494 2399 694 2483; x_wconf 79' lang='lat' dir='ltr'><em>Frapmenta</em></span> <span class='ocrx_word' id='word_1_189' title='bbox 718 2397 913 2463; x_wconf 81' lang='lat' dir='ltr'><em>Chronici</em></span> <span class='ocrx_word' id='word_1_190' title='bbox 934 2398 1160 2483; x_wconf 72' lang='lat' dir='ltr'><em>rhythmici</em></span> <span class='ocrx_word' id='word_1_191' title='bbox 1179 2408 1254 2481; x_wconf 87' lang='lat' dir='ltr'><em>post</em></span> <span class='ocrx_word' id='word_1_192' title='bbox 1275 2421 1306 2462; x_wconf 90' lang='lat' dir='ltr'><em>a.</em></span> <span class='ocrx_word' id='word_1_193' title='bbox 1330 2399 1423 2464; x_wconf 80' lang='grc'><strong>1260.</strong></span> 
     </span>
    </p>
   </div>
   <div class='ocr_carea' id='block_1_4' title="bbox 305 2482 1425 2567">
    <p class='ocr_par' dir='ltr' id='par_1_8' title="bbox 305 2482 1425 2567">
     <span class='ocr_line' id='line_1_25' title="bbox 305 2482 1425 2567; baseline 0.001 -20"><span class='ocrx_word' id='word_1_194' title='bbox 305 2482 458 2548; x_wconf 81' lang='lat' dir='ltr'><em>Coloniae</em></span> <span class='ocrx_word' id='word_1_195' title='bbox 483 2482 601 2566; x_wconf 87' lang='lat' dir='ltr'><em>procul</em></span> <span class='ocrx_word' id='word_1_196' title='bbox 629 2483 729 2547; x_wconf 83' lang='lat' dir='ltr'><em>dubio</em></span> <span class='ocrx_word' id='word_1_197' title='bbox 751 2482 901 2567; x_wconf 86' lang='lat' dir='ltr'><em>confecti,</em></span> <span class='ocrx_word' id='word_1_198' title='bbox 930 2485 1079 2567; x_wconf 78' lang='lat' dir='ltr'><em>quamuis</em></span> <span class='ocrx_word' id='word_1_199' title='bbox 1106 2485 1205 2546; x_wconf 90' lang='lat' dir='ltr'><em>nimis</em></span> <span class='ocrx_word' id='word_1_200' title='bbox 1227 2482 1349 2564; x_wconf 89' lang='lat' dir='ltr'><em>lacera,</em></span> <span class='ocrx_word' id='word_1_201' title='bbox 1383 2506 1425 2548; x_wconf 76' lang='lat' dir='ltr'><em>esc</em></span> 
     </span>
    </p>
   </div>
   <div class='ocr_carea' id='block_1_5' title="bbox 302 2565 1427 2967">
    <p class='ocr_par' dir='ltr' id='par_1_9' title="bbox 302 2565 1427 2967">
     <span class='ocr_line' id='line_1_26' title="bbox 303 2565 1426 2715; baseline -0.002 -83"><span class='ocrx_word' id='word_1_202' title='bbox 303 2589 390 2632; x_wconf 88' lang='lat' dir='ltr'><em>noca</em></span> <span class='ocrx_word' id='word_1_203' title='bbox 405 2566 544 2630; x_wconf 87' lang='lat' dir='ltr'><em>editione</em></span> <span class='ocrx_word' id='word_1_204' title='bbox 560 2565 623 2631; x_wconf 79' lang='lat' dir='ltr'><em>SS.</em></span> <span class='ocrx_word' id='word_1_205' title='bbox 638 2567 735 2649; x_wconf 88' lang='lat' dir='ltr'><em>XXV,</em></span> <span class='ocrx_word' id='word_1_206' title='bbox 745 2591 784 2653; x_wconf 90' lang='lat' dir='ltr'><em>p.</em></span> <span class='ocrx_word' id='word_1_207' title='bbox 799 2566 862 2631; x_wconf 88' lang='grc'><em>369</em></span> <span class='ocrx_word' id='word_1_208' title='bbox 877 2588 944 2666; x_wconf 74' lang='lat' dir='ltr'><em>sqq.</em></span> <span class='ocrx_word' id='word_1_209' title='bbox 960 2569 1073 2647; x_wconf 91' lang='lat' dir='ltr'><em>sumsi,</em></span> <span class='ocrx_word' id='word_1_210' title='bbox 1096 2566 1280 2715; x_wconf 62' lang='lat' dir='ltr'><em>praefatio</em></span> <span class='ocrx_word' id='word_1_211' title='bbox 1294 2567 1326 2631; x_wconf 83' lang='lat' dir='ltr'><em>A</em></span> <span class='ocrx_word' id='word_1_212' title='bbox 1347 2575 1378 2630; x_wconf 96' lang='lat' dir='ltr'><em>et</em></span> <span class='ocrx_word' id='word_1_213' title='bbox 1391 2567 1426 2630; x_wconf 92' lang='lat' dir='ltr'><em>B</em></span> 
     </span>
     <span class='ocr_line' id='line_1_27' title="bbox 302 2650 1425 2736; baseline -0.002 -20"><span class='ocrx_word' id='word_1_214' title='bbox 302 2653 341 2716; x_wconf 86' lang='lat' dir='ltr'><em>in</em></span> <span class='ocrx_word' id='word_1_215' title='bbox 371 2651 505 2714; x_wconf 88' lang='lat' dir='ltr'><em>archioo</em></span> <span class='ocrx_word' id='word_1_216' title='bbox 527 2650 919 2736; x_wconf 84' lang='lat' dir='ltr'><em>Dusseldorfienss,</em></span> <span class='ocrx_word' id='word_1_217' title='bbox 944 2650 1028 2716; x_wconf 81' lang='lat' dir='ltr'><em>Cin</em></span> <span class='ocrx_word' id='word_1_218' title='bbox 1049 2651 1242 2716; x_wconf 86' lang='lat' dir='ltr'><em>hihiotheca</em></span> <span class='ocrx_word' id='word_1_219' title='bbox 1262 2650 1425 2716; x_wconf 91' lang='lat' dir='ltr'><em>Beroli·</em></span> 
     </span>
     <span class='ocr_line' id='line_1_28' title="bbox 304 2736 1427 2822; baseline 0.001 -23"><span class='ocrx_word' id='word_1_220' title='bbox 304 2736 426 2800; x_wconf 85' lang='lat' dir='ltr'><em>ncnsi</em></span> <span class='ocrx_word' id='word_1_221' title='bbox 459 2743 630 2800; x_wconf 84' lang='lat' dir='ltr'><em>asservata</em></span> <span class='ocrx_word' id='word_1_222' title='bbox 660 2759 759 2822; x_wconf 81' lang='lat' dir='ltr'><em>qaam</em></span> <span class='ocrx_word' id='word_1_223' title='bbox 792 2737 1039 2800; x_wconf 82' lang='lat' dir='ltr'><em>accuratissime</em></span> <span class='ocrx_word' id='word_1_224' title='bbox 1065 2738 1227 2822; x_wconf 84' lang='lat' dir='ltr'><em>enpressit</em></span> <span class='ocrx_word' id='word_1_225' title='bbox 1254 2757 1357 2820; x_wconf 81' lang='lat' dir='ltr'><em>neque</em></span> <span class='ocrx_word' id='word_1_226' title='bbox 1385 2757 1427 2800; x_wconf 89' lang='lat' dir='ltr'><em>ea</em></span> 
     </span>
     <span class='ocr_line' id='line_1_29' title="bbox 303 2818 1425 2967; baseline 0.002 -85"><span class='ocrx_word' id='word_1_227' title='bbox 303 2818 447 2967; x_wconf 57' lang='lat' dir='ltr'><em>nepleocit</em></span> <span class='ocrx_word' id='word_1_228' title='bbox 482 2843 566 2905; x_wconf 80' lang='lat' dir='ltr'><em>qaae</em></span> <span class='ocrx_word' id='word_1_229' title='bbox 592 2823 728 2904; x_wconf 89' lang='lat' dir='ltr'><em>priores</em></span> <span class='ocrx_word' id='word_1_230' title='bbox 765 2822 903 2885; x_wconf 88' lang='lat' dir='ltr'><em>editores</em></span> <span class='ocrx_word' id='word_1_231' title='bbox 938 2818 976 2887; x_wconf 76' lang='lat' dir='ltr'><em>G.</em></span> <span class='ocrx_word' id='word_1_232' title='bbox 1000 2820 1042 2885; x_wconf 89' lang='lat' dir='ltr'><em>H.</em></span> <span class='ocrx_word' id='word_1_233' title='bbox 1062 2821 1154 2884; x_wconf 85' lang='lat' dir='ltr'><em>Pertz</em></span> <span class='ocrx_word' id='word_1_234' title='bbox 1182 2820 1318 2902; x_wconf 86' lang='lat' dir='ltr'><em>(‘Ueher</em></span> <span class='ocrx_word' id='word_1_235' title='bbox 1351 2822 1425 2885; x_wconf 86' lang='lat' dir='ltr'><em>eine</em></span> 
     </span>
    </p>
   </div>
   <div class='ocr_carea' id='block_1_6' title="bbox 300 2903 1468 4510">
    <p class='ocr_par' dir='ltr' id='par_1_10' title="bbox 303 2903 1468 3413">
     <span class='ocr_line' id='line_1_30' title="bbox 303 2903 1426 2990; baseline 0.001 -22"><span class='ocrx_word' id='word_1_236' title='bbox 303 2904 336 2968; x_wconf 87' lang='lat' dir='ltr'><em>R</em></span> <span class='ocrx_word' id='word_1_237' title='bbox 359 2904 502 2968; x_wconf 87' lang='lat' dir='ltr'><em>einische</em></span> <span class='ocrx_word' id='word_1_238' title='bbox 527 2903 672 2970; x_wconf 86' lang='lat' dir='ltr'><em>Chronih</em></span> <span class='ocrx_word' id='word_1_239' title='bbox 693 2906 750 2969; x_wconf 90' lang='lat' dir='ltr'><em>des</em></span> <span class='ocrx_word' id='word_1_240' title='bbox 774 2904 820 2968; x_wconf 89' lang='grc'><em>13.</em></span> <span class='ocrx_word' id='word_1_241' title='bbox 836 2905 1097 2986; x_wconf 87' lang='lat' dir='ltr'><em>Iahrhunderts&#39;,</em></span> <span class='ocrx_word' id='word_1_242' title='bbox 1121 2905 1221 2985; x_wconf 77' lang='lat'>1855)</span> <span class='ocrx_word' id='word_1_243' title='bbox 1244 2913 1273 2967; x_wconf 93' lang='lat' dir='ltr'><em>et</em></span> <span class='ocrx_word' id='word_1_244' title='bbox 1293 2903 1426 2990; x_wconf 79' lang='lat' dir='ltr'><em>Depchs</em></span> 
     </span>
     <span class='ocr_line' id='line_1_31' title="bbox 305 2987 1424 3076; baseline 0 -24"><span class='ocrx_word' id='word_1_245' title='bbox 305 2994 380 3074; x_wconf 89' lang='lat' dir='ltr'><em>(ap.</em></span> <span class='ocrx_word' id='word_1_246' title='bbox 402 2987 591 3068; x_wconf 84' lang='lat' dir='ltr'><em>anomblet,</em></span> <span class='ocrx_word' id='word_1_247' title='bbox 622 2989 756 3054; x_wconf 79' lang='lat' dir='ltr'><em>‘Archiv</em></span> <span class='ocrx_word' id='word_1_248' title='bbox 782 2989 850 3076; x_wconf 79' lang='lat' dir='ltr'><em>fiir</em></span> <span class='ocrx_word' id='word_1_249' title='bbox 885 2990 938 3053; x_wconf 93' lang='lat' dir='ltr'><em>die</em></span> <span class='ocrx_word' id='word_1_250' title='bbox 973 2988 1159 3055; x_wconf 79' lang='lat' dir='ltr'><em>Geschichte</em></span> <span class='ocrx_word' id='word_1_251' title='bbox 1196 2988 1251 3053; x_wconf 90' lang='lat' dir='ltr'><em>des</em></span> <span class='ocrx_word' id='word_1_252' title='bbox 1284 2988 1424 3053; x_wconf 86' lang='lat' dir='ltr'><em>Nicder-</em></span> 
     </span>
     <span class='ocr_line' id='line_1_32' title="bbox 304 3069 1468 3159; baseline 0 -22"><span class='ocrx_word' id='word_1_253' title='bbox 304 3072 427 3137; x_wconf 89' lang='lat' dir='ltr'><em>rheins&#39;</em></span> <span class='ocrx_word' id='word_1_254' title='bbox 449 3073 495 3152; x_wconf 91' lang='lat' dir='ltr'><em>II,</em></span> <span class='ocrx_word' id='word_1_255' title='bbox 519 3071 620 3155; x_wconf 75' lang='lat'>1857)</span> <span class='ocrx_word' id='word_1_256' title='bbox 648 3073 754 3159; x_wconf 78' lang='lat' dir='ltr'><em>lepore</em></span> <span class='ocrx_word' id='word_1_257' title='bbox 780 3073 830 3137; x_wconf 89' lang='lat' dir='ltr'><em>oel</em></span> <span class='ocrx_word' id='word_1_258' title='bbox 855 3073 1023 3139; x_wconf 86' lang='lat' dir='ltr'><em>restituere</em></span> <span class='ocrx_word' id='word_1_259' title='bbox 1049 3075 1161 3139; x_wconf 89' lang='lat' dir='ltr'><em>conati</em></span> <span class='ocrx_word' id='word_1_260' title='bbox 1185 3083 1272 3136; x_wconf 89' lang='lat' dir='ltr'><em>sunt.</em></span> <span class='ocrx_word' id='word_1_261' title='bbox 1316 3071 1427 3137; x_wconf 90' lang='lat' dir='ltr'><em>Multa</em></span> <span class='ocrx_word' id='word_1_262' title='bbox 1466 3069 1468 3152; x_wconf 68' lang='lat' dir='ltr'><em>l</em></span> 
     </span>
     <span class='ocr_line' id='line_1_33' title="bbox 304 3156 1429 3244; baseline 0.001 -24"><span class='ocrx_word' id='word_1_263' title='bbox 304 3157 439 3221; x_wconf 88' lang='lat' dir='ltr'><em>iniuria</em></span> <span class='ocrx_word' id='word_1_264' title='bbox 459 3165 639 3244; x_wconf 90' lang='lat' dir='ltr'><em>temporum</em></span> <span class='ocrx_word' id='word_1_265' title='bbox 661 3179 729 3222; x_wconf 87' lang='lat' dir='ltr'><em>esse</em></span> <span class='ocrx_word' id='word_1_266' title='bbox 751 3159 874 3222; x_wconf 88' lang='lat' dir='ltr'><em>amissa</em></span> <span class='ocrx_word' id='word_1_267' title='bbox 888 3156 938 3221; x_wconf 84' lang='lat' dir='ltr'><em>oei</em></span> <span class='ocrx_word' id='word_1_268' title='bbox 960 3159 997 3221; x_wconf 88' lang='lat' dir='ltr'><em>in</em></span> <span class='ocrx_word' id='word_1_269' title='bbox 1009 3157 1110 3241; x_wconf 87' lang='lat' dir='ltr'><em>foliis</em></span> <span class='ocrx_word' id='word_1_270' title='bbox 1124 3156 1193 3222; x_wconf 90' lang='lat' dir='ltr'><em>illis</em></span> <span class='ocrx_word' id='word_1_271' title='bbox 1209 3157 1322 3240; x_wconf 90' lang='lat' dir='ltr'><em>deleta,</em></span> <span class='ocrx_word' id='word_1_272' title='bbox 1345 3179 1429 3222; x_wconf 90' lang='lat' dir='ltr'><em>sane</em></span> 
     </span>
     <span class='ocr_line' id='line_1_34' title="bbox 306 3239 1468 3327; baseline 0 -21"><span class='ocrx_word' id='word_1_273' title='bbox 306 3239 482 3306; x_wconf 90' lang='lat' dir='ltr'><em>dolendum</em></span> <span class='ocrx_word' id='word_1_274' title='bbox 515 3251 569 3324; x_wconf 90' lang='lat' dir='ltr'><em>est,</em></span> <span class='ocrx_word' id='word_1_275' title='bbox 606 3265 680 3308; x_wconf 90' lang='lat' dir='ltr'><em>cum</em></span> <span class='ocrx_word' id='word_1_276' title='bbox 712 3251 827 3308; x_wconf 87' lang='lat' dir='ltr'><em>auctor</em></span> <span class='ocrx_word' id='word_1_277' title='bbox 853 3244 1054 3327; x_wconf 85' lang='lat' dir='ltr'><em>praesertim</em></span> <span class='ocrx_word' id='word_1_278' title='bbox 1085 3241 1123 3306; x_wconf 80' lang='lat' dir='ltr'><em>cle</em></span> <span class='ocrx_word' id='word_1_279' title='bbox 1155 3243 1251 3308; x_wconf 86' lang='lat' dir='ltr'><em>rebus</em></span> <span class='ocrx_word' id='word_1_280' title='bbox 1283 3241 1427 3306; x_wconf 82' lang='lat' dir='ltr'><em>urbanis</em></span> <span class='ocrx_word' id='word_1_281' title='bbox 1467 3245 1468 3288; x_wconf 73' lang='grc' dir='ltr'>ἒ</span> 
     </span>
     <span class='ocr_line' id='line_1_35' title="bbox 305 3325 1468 3413; baseline 0.003 -22"><span class='ocrx_word' id='word_1_282' title='bbox 305 3325 477 3412; x_wconf 89' lang='lat' dir='ltr'><em>complura</em></span> <span class='ocrx_word' id='word_1_283' title='bbox 499 3326 588 3391; x_wconf 90' lang='lat' dir='ltr'><em>alias</em></span> <span class='ocrx_word' id='word_1_284' title='bbox 608 3329 780 3413; x_wconf 79' lang='lat' dir='ltr'><em>incopnita</em></span> <span class='ocrx_word' id='word_1_285' title='bbox 799 3325 985 3390; x_wconf 88' lang='lat' dir='ltr'><em>tradiderit.</em></span> <span class='ocrx_word' id='word_1_286' title='bbox 1021 3347 1024 3354; x_wconf 90' lang='grc'>·</span> <span class='ocrx_word' id='word_1_287' title='bbox 1466 3325 1468 3394; x_wconf 74' lang='lat' dir='ltr'><em>l</em></span> 
     </span>
    </p>

    <p class='ocr_par' dir='ltr' id='par_1_11' title="bbox 300 3408 1468 4150">
     <span class='ocr_line' id='line_1_36' title="bbox 392 3408 1431 3498; baseline 0.002 -26"><span class='ocrx_word' id='word_1_288' title='bbox 392 3411 414 3472; x_wconf 91' lang='lat' dir='ltr'><em>I</em></span> <span class='ocrx_word' id='word_1_289' title='bbox 416 3411 446 3476; x_wconf 91' lang='lat' dir='ltr'><em>V.</em></span> <span class='ocrx_word' id='word_1_290' title='bbox 479 3408 610 3477; x_wconf 88' lang='lat' dir='ltr'><em>Diale</em></span> <span class='ocrx_word' id='word_1_291' title='bbox 619 3435 695 3498; x_wconf 80' lang='lat' dir='ltr'><em>pus</em></span> <span class='ocrx_word' id='word_1_292' title='bbox 710 3415 795 3478; x_wconf 91' lang='lat' dir='ltr'><em>inter</em></span> <span class='ocrx_word' id='word_1_293' title='bbox 809 3411 931 3475; x_wconf 88' lang='lat' dir='ltr'><em>laicum</em></span> <span class='ocrx_word' id='word_1_294' title='bbox 947 3418 976 3472; x_wconf 96' lang='lat' dir='ltr'><em>et</em></span> <span class='ocrx_word' id='word_1_295' title='bbox 990 3409 1152 3492; x_wconf 86' lang='lat' dir='ltr'><em>clericam,</em></span> <span class='ocrx_word' id='word_1_296' title='bbox 1169 3434 1201 3477; x_wconf 89' lang='lat' dir='ltr'><em>a.</em></span> <span class='ocrx_word' id='word_1_297' title='bbox 1218 3409 1309 3474; x_wconf 76' lang='grc'><strong>1206.</strong></span> <span class='ocrx_word' id='word_1_298' title='bbox 1325 3412 1431 3495; x_wconf 90' lang='lat' dir='ltr'><em>scrip-</em></span> 
     </span>
     <span class='ocr_line' id='line_1_37' title="bbox 306 3467 1468 3580; baseline 0 -22"><span class='ocrx_word' id='word_1_299' title='bbox 306 3505 369 3574; x_wconf 88' lang='lat' dir='ltr'><em>tus,</em></span> <span class='ocrx_word' id='word_1_300' title='bbox 391 3503 426 3556; x_wconf 86' lang='lat' dir='ltr'><em>at</em></span> <span class='ocrx_word' id='word_1_301' title='bbox 441 3518 578 3560; x_wconf 89' lang='lat' dir='ltr'><em>causam</em></span> <span class='ocrx_word' id='word_1_302' title='bbox 589 3496 763 3561; x_wconf 88' lang='lat' dir='ltr'><em>Brunonis</em></span> <span class='ocrx_word' id='word_1_303' title='bbox 779 3496 1022 3580; x_wconf 89' lang='lat' dir='ltr'><em>archiepiscopi</em></span> <span class='ocrx_word' id='word_1_304' title='bbox 1036 3505 1150 3559; x_wconf 89' lang='lat' dir='ltr'><em>contra</em></span> <span class='ocrx_word' id='word_1_305' title='bbox 1165 3493 1324 3579; x_wconf 85' lang='lat' dir='ltr'><em>Adolfum</em></span> <span class='ocrx_word' id='word_1_306' title='bbox 1339 3493 1431 3558; x_wconf 92' lang='lat' dir='ltr'><em>electi</em></span> <span class='ocrx_word' id='word_1_307' title='bbox 1466 3467 1468 3552; x_wconf 53' lang='lat' dir='ltr'><em>l</em></span> 
     </span>
     <span class='ocr_line' id='line_1_38' title="bbox 309 3577 1468 3664; baseline 0.001 -22"><span class='ocrx_word' id='word_1_308' title='bbox 309 3577 508 3662; x_wconf 78' lang='lat' dir='ltr'><em>defenderet,</em></span> <span class='ocrx_word' id='word_1_309' title='bbox 542 3580 705 3644; x_wconf 90' lang='lat' dir='ltr'><em>nonnulla</em></span> <span class='ocrx_word' id='word_1_310' title='bbox 737 3583 877 3644; x_wconf 90' lang='lat' dir='ltr'><em>eontinet</em></span> <span class='ocrx_word' id='word_1_311' title='bbox 904 3578 1000 3643; x_wconf 84' lang='lat' dir='ltr'><em>rebus</em></span> <span class='ocrx_word' id='word_1_312' title='bbox 1028 3580 1099 3643; x_wconf 88' lang='lat' dir='ltr'><em>eius</em></span> <span class='ocrx_word' id='word_1_313' title='bbox 1126 3581 1280 3664; x_wconf 89' lang='lat' dir='ltr'><em>temporis</em></span> <span class='ocrx_word' id='word_1_314' title='bbox 1308 3600 1428 3664; x_wconf 79' lang='lat' dir='ltr'><em>capno·</em></span> <span class='ocrx_word' id='word_1_315' title='bbox 1466 3587 1468 3654; x_wconf 72' lang='lat' dir='ltr'><em>l</em></span> 
     </span>
     <span class='ocr_line' id='line_1_39' title="bbox 309 3655 1468 3744; baseline 0.004 -19"><span class='ocrx_word' id='word_1_316' title='bbox 309 3662 439 3726; x_wconf 88' lang='lat' dir='ltr'><em>scendis</em></span> <span class='ocrx_word' id='word_1_317' title='bbox 454 3672 483 3726; x_wconf 93' lang='lat' dir='ltr'><em>et</em></span> <span class='ocrx_word' id='word_1_318' title='bbox 495 3662 726 3727; x_wconf 90' lang='lat' dir='ltr'><em>diiudicandis</em></span> <span class='ocrx_word' id='word_1_319' title='bbox 737 3663 846 3730; x_wconf 87' lang='lat' dir='ltr'><em>utilia.</em></span> <span class='ocrx_word' id='word_1_320' title='bbox 869 3663 988 3728; x_wconf 87' lang='lat' dir='ltr'><em>Edidit</em></span> <span class='ocrx_word' id='word_1_321' title='bbox 998 3685 1070 3728; x_wconf 92' lang='lat' dir='ltr'><em>eum</em></span> <span class='ocrx_word' id='word_1_322' title='bbox 1077 3663 1228 3744; x_wconf 76' lang='lat' dir='ltr'><em>Bithmer,</em></span> <span class='ocrx_word' id='word_1_323' title='bbox 1239 3662 1429 3743; x_wconf 87' lang='lat' dir='ltr'><em>FontesIII,</em></span> <span class='ocrx_word' id='word_1_324' title='bbox 1466 3655 1468 3730; x_wconf 81' lang='lat' dir='ltr'><em>l</em></span> 
     </span>
     <span class='ocr_line' id='line_1_40' title="bbox 304 3745 1430 3832; baseline 0.003 -24"><span class='ocrx_word' id='word_1_325' title='bbox 304 3768 343 3832; x_wconf 88' lang='lat' dir='ltr'><em>p.</em></span> <span class='ocrx_word' id='word_1_326' title='bbox 365 3745 429 3808; x_wconf 72' lang='lat'><em>400</em></span> <span class='ocrx_word' id='word_1_327' title='bbox 451 3767 466 3807; x_wconf 91' lang='lat' dir='ltr'><em>s</em></span> <span class='ocrx_word' id='word_1_328' title='bbox 490 3769 530 3831; x_wconf 74' lang='lat' dir='ltr'><em>q,</em></span> <span class='ocrx_word' id='word_1_329' title='bbox 558 3767 598 3808; x_wconf 84' lang='lat' dir='ltr'><em>coc</em></span> <span class='ocrx_word' id='word_1_330' title='bbox 625 3747 734 3811; x_wconf 90' lang='lat' dir='ltr'><em>codice</em></span> <span class='ocrx_word' id='word_1_331' title='bbox 764 3746 842 3828; x_wconf 82' lang='lat' dir='ltr'><em>plim</em></span> <span class='ocrx_word' id='word_1_332' title='bbox 874 3749 1068 3812; x_wconf 91' lang='lat' dir='ltr'><em>monasterii</em></span> <span class='ocrx_word' id='word_1_333' title='bbox 1091 3745 1209 3831; x_wconf 82' lang='lat' dir='ltr'><em>Campi</em></span> <span class='ocrx_word' id='word_1_334' title='bbox 1229 3746 1264 3811; x_wconf 81' lang='lat' dir='ltr'><em>S.</em></span> <span class='ocrx_word' id='word_1_335' title='bbox 1285 3747 1430 3827; x_wconf 89' lang='lat' dir='ltr'><em>Mariae,</em></span> 
     </span>
     <span class='ocr_line' id='line_1_41' title="bbox 309 3767 1433 3916; baseline 0.001 -23"><span class='ocrx_word' id='word_1_336' title='bbox 309 3853 399 3893; x_wconf 87' lang='lat' dir='ltr'><em>nunc</em></span> <span class='ocrx_word' id='word_1_337' title='bbox 422 3767 630 3893; x_wconf 76' lang='lat' dir='ltr'><em>bibliothecae</em></span> <span class='ocrx_word' id='word_1_338' title='bbox 652 3832 764 3916; x_wconf 79' lang='lat' dir='ltr'><em>repiae</em></span> <span class='ocrx_word' id='word_1_339' title='bbox 779 3830 1077 3895; x_wconf 89' lang='lat' dir='ltr'><em>Berolinensis</em></span> <span class='ocrx_word' id='word_1_340' title='bbox 1091 3831 1163 3894; x_wconf 90' lang='lat' dir='ltr'><em>Lat.</em></span> <span class='ocrx_word' id='word_1_341' title='bbox 1180 3830 1238 3893; x_wconf 81' lang='lat'><strong>50¹&gt;</strong></span> <span class='ocrx_word' id='word_1_342' title='bbox 1260 3832 1299 3893; x_wconf 90' lang='lat' dir='ltr'><em>in</em></span> <span class='ocrx_word' id='word_1_343' title='bbox 1319 3830 1350 3911; x_wconf 93' lang='lat'><em>8,</em></span> <span class='ocrx_word' id='word_1_344' title='bbox 1373 3831 1433 3894; x_wconf 85' lang='lat' dir='ltr'><em>nbi</em></span> 
     </span>
     <span class='ocr_line' id='line_1_42' title="bbox 309 3911 1433 3998; baseline -0.001 -20"><span class='ocrx_word' id='word_1_345' title='bbox 309 3915 426 3978; x_wconf 91' lang='lat' dir='ltr'><em>intere</em></span> <span class='ocrx_word' id='word_1_346' title='bbox 452 3911 762 3979; x_wconf 86' lang='lat' dir='ltr'><em>istolaslnnocentii</em></span> <span class='ocrx_word' id='word_1_347' title='bbox 774 3916 837 3979; x_wconf 89' lang='lat' dir='ltr'><em>III.</em></span> <span class='ocrx_word' id='word_1_348' title='bbox 854 3915 899 3979; x_wconf 91' lang='lat' dir='ltr'><em>ad</em></span> <span class='ocrx_word' id='word_1_349' title='bbox 914 3912 1000 3979; x_wconf 87' lang='lat' dir='ltr'><em>litem</em></span> <span class='ocrx_word' id='word_1_350' title='bbox 1015 3914 1235 3980; x_wconf 81' lang='lat' dir='ltr'><em>Coloniensem</em></span> <span class='ocrx_word' id='word_1_351' title='bbox 1250 3923 1433 3998; x_wconf 84' lang='lat' dir='ltr'><em>spectantes</em></span> 
     </span>
     <span class='ocr_line' id='line_1_43' title="bbox 300 3935 1432 4085; baseline -0.001 -21"><span class='ocrx_word' id='word_1_352' title='bbox 300 3998 366 4084; x_wconf 88' lang='lat' dir='ltr'><em>fol.</em></span> <span class='ocrx_word' id='word_1_353' title='bbox 390 3935 578 4066; x_wconf 51' lang='lat' dir='ltr'><em>lsi-141.</em></span> <span class='ocrx_word' id='word_1_354' title='bbox 605 3998 737 4085; x_wconf 76' lang='lat' dir='ltr'><em>lepitur.</em></span> <span class='ocrx_word' id='word_1_355' title='bbox 779 4000 932 4064; x_wconf 84' lang='lat' dir='ltr'><em>Eundem</em></span> <span class='ocrx_word' id='word_1_356' title='bbox 959 4000 1032 4083; x_wconf 89' lang='lat' dir='ltr'><em>ipse</em></span> <span class='ocrx_word' id='word_1_357' title='bbox 1058 4001 1195 4079; x_wconf 78' lang='lat' dir='ltr'><em>eacussi,</em></span> <span class='ocrx_word' id='word_1_358' title='bbox 1225 3999 1282 4063; x_wconf 89' lang='lat' dir='ltr'><em>sed</em></span> <span class='ocrx_word' id='word_1_359' title='bbox 1304 3999 1432 4064; x_wconf 84' lang='lat' dir='ltr'><em>scribae</em></span> 
     </span>
     <span class='ocr_line' id='line_1_44' title="bbox 310 4082 1239 4150; baseline -0.002 -2"><span class='ocrx_word' id='word_1_360' title='bbox 310 4105 438 4148; x_wconf 87' lang='lat' dir='ltr'><em>errores</em></span> <span class='ocrx_word' id='word_1_361' title='bbox 459 4104 534 4146; x_wconf 85' lang='lat' dir='ltr'><em>moso</em></span> <span class='ocrx_word' id='word_1_362' title='bbox 557 4083 628 4146; x_wconf 89' lang='lat' dir='ltr'><em>alia</em></span> <span class='ocrx_word' id='word_1_363' title='bbox 649 4106 753 4148; x_wconf 87' lang='lat' dir='ltr'><em>manu</em></span> <span class='ocrx_word' id='word_1_364' title='bbox 774 4093 932 4150; x_wconf 90' lang='lat' dir='ltr'><em>correctos</em></span> <span class='ocrx_word' id='word_1_365' title='bbox 955 4083 1115 4146; x_wconf 88' lang='lat' dir='ltr'><em>adnotare</em></span> <span class='ocrx_word' id='word_1_366' title='bbox 1136 4082 1239 4147; x_wconf 88' lang='lat' dir='ltr'><em>nolui.</em></span> 
     </span>
    </p>

    <p class='ocr_par' dir='ltr' id='par_1_12' title="bbox 311 4165 1434 4510">
     <span class='ocr_line' id='line_1_45' title="bbox 403 4165 1433 4252; baseline 0 -21"><span class='ocrx_word' id='word_1_367' title='bbox 403 4167 435 4231; x_wconf 93' lang='lat' dir='ltr'><em>V.</em></span> <span class='ocrx_word' id='word_1_368' title='bbox 469 4167 523 4230; x_wconf 83' lang='lat' dir='ltr'><em>Eos</em></span> <span class='ocrx_word' id='word_1_369' title='bbox 544 4166 690 4252; x_wconf 86' lang='lat' dir='ltr'><em>epistolis</em></span> <span class='ocrx_word' id='word_1_370' title='bbox 707 4165 902 4233; x_wconf 78' lang='lat' dir='ltr'><em>Guiherti</em></span> <span class='ocrx_word' id='word_1_371' title='bbox 919 4165 1157 4232; x_wconf 82' lang='lat' dir='ltr'><em>Gemhlacensis</em></span> <span class='ocrx_word' id='word_1_372' title='bbox 1179 4167 1226 4231; x_wconf 90' lang='lat' dir='ltr'><em>ad</em></span> <span class='ocrx_word' id='word_1_373' title='bbox 1239 4167 1433 4251; x_wconf 83' lang='lat' dir='ltr'><em>Philippum</em></span> 
     </span>
     <span class='ocr_line' id='line_1_46' title="bbox 312 4250 1433 4339; baseline -0.004 -21"><span class='ocrx_word' id='word_1_374' title='bbox 312 4254 597 4337; x_wconf 89' lang='lat' dir='ltr'><em>archiepiscopum</em></span> <span class='ocrx_word' id='word_1_375' title='bbox 628 4250 848 4317; x_wconf 82' lang='lat' dir='ltr'><em>Colonienscm</em></span> <span class='ocrx_word' id='word_1_376' title='bbox 878 4252 1040 4339; x_wconf 82' lang='lat' dir='ltr'><em>quaedam</em></span> <span class='ocrx_word' id='word_1_377' title='bbox 1066 4252 1230 4335; x_wconf 74' lang='lat' dir='ltr'><em>conscripsi</em></span> <span class='ocrx_word' id='word_1_378' title='bbox 1255 4273 1295 4314; x_wconf 87' lang='lat' dir='ltr'><em>coc</em></span> <span class='ocrx_word' id='word_1_379' title='bbox 1325 4253 1433 4316; x_wconf 88' lang='lat' dir='ltr'><em>codice</em></span> 
     </span>
     <span class='ocr_line' id='line_1_47' title="bbox 311 4334 1432 4421; baseline -0.001 -19"><span class='ocrx_word' id='word_1_380' title='bbox 311 4335 582 4402; x_wconf 83' lang='lat' dir='ltr'><em>Brunellensi</em></span> <span class='ocrx_word' id='word_1_381' title='bbox 604 4358 655 4399; x_wconf 90' lang='lat' dir='ltr'><em>nr.</em></span> <span class='ocrx_word' id='word_1_382' title='bbox 671 4334 764 4418; x_wconf 79' lang='lat'>5387,</span> <span class='ocrx_word' id='word_1_383' title='bbox 788 4339 931 4402; x_wconf 88' lang='lat' dir='ltr'><em>auctoris</em></span> <span class='ocrx_word' id='word_1_384' title='bbox 954 4336 1133 4400; x_wconf 87' lang='lat' dir='ltr'><em>ntoidetur</em></span> <span class='ocrx_word' id='word_1_385' title='bbox 1149 4343 1291 4421; x_wconf 76' lang='lat' dir='ltr'><em>autopra</em></span> <span class='ocrx_word' id='word_1_386' title='bbox 1318 4335 1369 4416; x_wconf 90' lang='lat' dir='ltr'><em>ho,</em></span> <span class='ocrx_word' id='word_1_387' title='bbox 1393 4337 1432 4401; x_wconf 87' lang='lat' dir='ltr'><em>de</em></span> 
     </span>
     <span class='ocr_line' id='line_1_48' title="bbox 312 4418 1434 4510; baseline -0.001 -24"><span class='ocrx_word' id='word_1_388' title='bbox 312 4445 375 4510; x_wconf 79' lang='lat' dir='ltr'><em>quo</em></span> <span class='ocrx_word' id='word_1_389' title='bbox 390 4420 625 4500; x_wconf 81' lang='lat' dir='ltr'><em>mBethmann,</em></span> <span class='ocrx_word' id='word_1_390' title='bbox 641 4418 760 4485; x_wconf 80' lang='lat' dir='ltr'><em>‘Arch&#39;</em></span> <span class='ocrx_word' id='word_1_391' title='bbox 776 4421 865 4502; x_wconf 91' lang='lat' dir='ltr'><em>VIII,</em></span> <span class='ocrx_word' id='word_1_392' title='bbox 875 4446 914 4507; x_wconf 92' lang='lat' dir='ltr'><em>p.</em></span> <span class='ocrx_word' id='word_1_393' title='bbox 925 4419 998 4484; x_wconf 76' lang='lat'><em>495.</em></span> <span class='ocrx_word' id='word_1_394' title='bbox 1020 4418 1115 4484; x_wconf 86' lang='lat' dir='ltr'><em>Alias</em></span> <span class='ocrx_word' id='word_1_395' title='bbox 1131 4420 1218 4484; x_wconf 88' lang='lat' dir='ltr'><em>duas</em></span> <span class='ocrx_word' id='word_1_396' title='bbox 1233 4419 1282 4483; x_wconf 92' lang='lat' dir='ltr'><em>col</em></span> <span class='ocrx_word' id='word_1_397' title='bbox 1295 4421 1434 4485; x_wconf 87' lang='lat' dir='ltr'><em>ectiones</em></span> 
     </span>
    </p>
   </div>
   <div class='ocr_carea' id='block_1_7' title="bbox 0 0 1491 4996">
    <p class='ocr_par' dir='ltr' id='par_1_13' title="bbox 0 0 1491 4996">
     <span class='ocr_line' id='line_1_49' title="bbox 0 0 1491 4996; baseline 0 0"><span class='ocrx_word' id='word_1_398' title='bbox 0 0 1491 4996; x_wconf 95' lang='lat' dir='ltr'><em> </em></span> 
     </span>
    </p>
   </div>
  </div>
 </body>
</html>
