2942 4998
306 419 323 469 6
569 411 755 466 CHRONICA
773 411 888 467 ubam
908 413 1157 470 COLONIENSIS.

379 591 927 657 11111201,11111.0.1032.Τ101111
947 617 980 628 -
1001 618 1036 628 -
1056 593 1186 658 sanguine
1205 593 1307 645 interiit
1327 593 1424 646 effuso.
1463 593 1464 602 ’

306 669 407 722 Melet.

379 744 412 795 A.
433 742 459 794 d.
477 744 496 794 i.
515 739 579 804 282,
597 740 632 792 U.
653 755 677 792 c.
700 739 780 792 1033.
800 739 902 790 Probus
921 765 956 775 —
977 767 1010 774 —
1030 737 1143 789 babetur
1161 755 1178 790 a
1196 739 1295 791 multis.
1332 739 1401 791 ibid.

379 818 413 869 A.
433 815 459 867 d.
478 817 498 869 i.
517 813 580 877 238,
599 814 633 864 U.
654 829 678 863 c.
700 813 779 865 1039,
800 811 1024 864 CarusNarbone
1047 838 1076 848 ·-
1099 838 1134 849 -
1154 813 1237 863 occisi
1255 818 1325 864 sunt.
1357 812 1425 864 ibid.
1463 811 1464 814 ’

378 891 412 942 A.
432 889 459 941 d.
477 891 497 940 i.
517 888 579 950 290,
605 888 639 937 ab
657 887 691 940 U.
716 885 924 938 veroc.1041.
951 883 1136 936 Diocletianus
1163 913 1197 923 -
1222 913 1255 922 —
1283 893 1362 938 natus
1391 887 1424 936 de
1463 905 1464 928 1

307 963 459 1028 Dalmatia;
484 960 550 1013 ibid.
1463 967 1464 972 ’

380 1036 450 1088 adeo
468 1043 499 1086 ut
517 1050 534 1084 a
552 1033 687 1101 plerisque
709 1058 740 1070 -
761 1060 797 1070 -
815 1031 942 1099 Dyoclea.
980 1030 1070 1082 Laud.

380 1111 434 1160 Hic
446 1108 582 1160 Aurelium
597 1107 788 1156 Maximianum
804 1131 840 1142 -
858 1133 895 1142 -
915 1103 1090 1168 Constantini,
1108 1105 1213 1157 Helene
1233 1105 1290 1156 filii.
1321 1105 1424 1158 11101101.

380 1183 502 1234 Privatus
520 1183 611 1247 itaque
630 1182 658 1230 in
676 1179 743 1228 villa
754 1205 790 1216 -
805 1180 922 1231 -inter
942 1177 1018 1229 divos
1037 1183 1126 1229 tamen
1145 1179 1294 1230 referretur.
1332 1179 1424 1231 Laud.

381 1257 471 1307 Primo
485 1270 553 1304 anno
564 1253 735 1318 Dyocletiani
745 1251 874 1317 Bagaude
887 1279 917 1290 -
932 1278 964 1288 —
977 1251 1147 1317 decessitque
1158 1254 1183 1304 4.
1194 1253 1259 1304 Idus
1270 1253 1337 1305 Dec.
1355 1251 1423 1304 ibid.

380 1330 415 1379 A.
429 1328 455 1379 d.
469 1330 487 1380 i.
501 1328 562 1388 310,
579 1327 613 1376 ab
626 1327 660 1377 U.
677 1341 700 1375 c.
716 1326 795 1376 1061.
816 1341 875 1376 cum
888 1323 1081 1390 Dyocletianus
1102 1353 1137 1362 -
1159 1353 1189 1363 -
1211 1326 1385 1378 Constantius
1399 1334 1425 1378 et

309 1401 432 1453 Celerius
442 1401 549 1466 augusti
558 1401 642 1451 creati
655 1403 725 1461 sunt,
740 1398 938 1464 divisusque-
950 1426 984 1435 —
995 1398 1070 1450 dedit
1079 1415 1150 1450 anno
1160 1401 1232 1450 vitae
1242 1415 1289 1451 sue
1300 1400 1344 1450 60.
1357 1398 1423 1451 idid.

382 1475 415 1526 A.
435 1473 460 1525 d.
478 1477 497 1527 1.
515 1475 577 1536 311,
596 1473 630 1524 U.
651 1488 674 1523 c.
693 1471 771 1521 1062.
792 1473 979 1523 Constantinus
999 1488 1032 1522 ox
1051 1473 1198 1524 obscuriori
1216 1475 1377 1538 patrimonio
1390 1501 1424 1512 -

310 1575 344 1586 -
365 1548 523 1600 christianas
542 1547 608 1598 iecit
626 1545 752 1597 basilicas
771 1545 877 1596 multas.
914 1544 1015 1596 Eklrels.

309 1623 556 1674 Testamentum
583 1619 671 1686 quod
689 1621 813 1670 statuit
833 1619 1085 1671 Constantinus
1110 1621 1295 1686 imperator
1313 1617 1423 1671 Silve-

553 1699 626 1744 stro
646 1709 731 1759 pape
751 1698 783 1744 et
802 1693 1071 1744 successoribus
1091 1694 1177 1745 eius.

381 1769 422 1820 Ex
440 1772 600 1820 testamento
621 1767 756 1817 constituti
774 1768 858 1818 nostri
877 1766 1049 1818 concedimus
1068 1768 1168 1818 sanctis
1187 1765 1315 1834 apostolis
1338 1792 1368 1802 -
1391 1794 1423 1804 -

308 1848 429 1894 terrenus
448 1841 504 1892 illic
523 1841 623 1891 habeat
642 1845 810 1906 potestatem.
850 1838 891 1904 CJ.
910 1837 954 1890 Pa.
974 1838 1072 1892 Isidor.

381 1916 468 1982 Igitur
486 1915 675 1966 Constantinus
694 1915 827 1980 propriam
849 1912 943 1964 volens
962 1941 996 1949 -—
1018 1941 1052 1950 —
1071 1915 1159 1982 patria
1183 1915 1424 1981 conquassantibus

309 1988 479 2040 simulachra.
517 1987 608 2038 Laud.

381 2061 510 2112 Eiusdem
529 2061 657 2127 principis
675 2064 794 2127 tempore
813 2060 905 2111 Arrius
928 2087 956 2096 -
979 2087 1014 2096 -
1033 2059 1066 2110 A.
1086 2061 1120 2112 D.
1140 2061 1203 2110 329.
1224 2061 1294 2111 Crux
1313 2061 1424 2112 Domini

309 2135 343 2185 ab
361 2135 469 2186 Helena
487 2135 629 2184 invenitur.
666 2131 766 2183 11111111.
1462 2189 1464 2212 1

200 2213 300 2259 111110.
382 2207 414 2257 A.
441 2208 476 2257 D.
502 2206 564 2256 330.
601 2207 688 2255 Beata
710 2206 818 2257 Helena
844 2221 942 2273 papam
970 2206 1128 2258 silvestrum
1159 2208 1235 2269 adiit,
1264 2212 1370 2272 potens,
1397 2214 1424 2258 ut

309 2272 452 2330 Treverice
473 2279 575 2330 civitati
594 2280 749 2329 misereatur
769 2284 795 2328 11
814 2279 870 2331 eius
889 2279 1054 2332 infidelitatis
1073 2280 1197 2331 tenebras
1214 2280 1304 2346 aliquo
1316 2281 1425 2345 ydoneo

309 2351 478 2420 predicatore
490 2352 625 2404 illustrare
640 2351 801 2416 dignaretur.
832 2353 910 2403 Nam
930 2354 1041 2419 primo
1060 2370 1120 2419 per
1133 2354 1240 2404 beatum
1253 2355 1425 2417 Eucherium,

309 2426 446 2478 Valerium
466 2433 492 2477 et
510 2426 660 2477 Maternum
680 2425 719 2475 ad
737 2425 843 2476 iidem
862 2427 1022 2478 conversi
1040 2427 1195 2491 fuerant;
1213 2426 1262 2479 sed
1280 2432 1424 2494 postmor-

309 2506 363 2550 tem
382 2496 489 2551 illorum
507 2504 581 2550 recte
600 2499 664 2549 fidei
690 2500 822 2550 tramitem
849 2497 1023 2565 dimittentes,
1049 2501 1084 2551 ad
1110 2502 1248 2566 pristinum
1272 2493 1426 2566 paganismi

309 2574 436 2630 vomitum
461 2590 495 2623 ex
519 2587 617 2638 magna
640 2579 716 2639 parte
741 2572 885 2624 redierunt.
924 2574 1038 2626 Sanctus
1063 2578 1152 2624 autem
1175 2574 1311 2638 Silvester,
1337 2576 1426 2640 inqui·

310 2649 407 2698 sitione
427 2647 527 2709 habita,
546 2647 662 2697 omnium
681 2645 800 2697 fidelium
821 2645 933 2698 consilio
957 2653 1079 2698 sanctum
1099 2648 1236 2712 Agricium
1255 2647 1427 2699 Authiocene

312 2722 428 2772 civitatis
440 2718 574 2786 presulem
589 2720 712 2790 evocavit
731 2725 758 2770 ot
776 2719 817 2769 ad
835 2721 1051 2785 peticionem
1070 2723 1188 2786 regine
1201 2721 1323 2771 Treveris
1344 2720 1427 2772 desti·

310 2795 394 2844 navit.
434 2793 484 2844 Cui
503 2794 583 2843 etiam
603 2793 683 2843 beata
695 2791 802 2844 Helena
820 2794 1031 2858 preciosissimas
1050 2794 1187 2860 reliquias,
1207 2809 1272 2861 quas
1292 2794 1325 2844 de
1339 2795 1428 2845 Iudea

310 2866 417 2928 tulerat,
442 2865 549 2918 scilicet
575 2882 670 2933 corpus
689 2866 798 2930 Mathye
823 2867 938 2932 apostoli
965 2883 1024 2918 cum
1050 2869 1142 2919 tunica
1168 2873 1196 2918 11
1220 2866 1296 2918 clavo
1315 2868 1428 2919 Domini

312 2944 339 2990 et
364 2940 444 2991 dente
470 2941 556 2990 sancti
575 2940 648 2990 Petri
671 2939 786 3006 apostoli
805 2945 832 2989 et
852 2940 939 3006 capite
960 2940 1077 2992 Cornelii
1095 2957 1165 3008 pape
1190 2943 1340 3007 ceterisque
1365 2942 1428 2993 1111-

312 3013 382 3078 quiis
400 3012 458 3062 illic
477 3011 683 3063 deferendas
702 3012 863 3064 tradidit.

384 3086 549 3152 Hucusque
568 3086 700 3151 hystorias
719 3086 813 3137 scribit
826 3085 968 3138 Eusebius.
999 3088 1105 3139 Exhinc
1118 3088 1293 3139 Iberonimus.
1324 3087 1429 3139 Esses

385 3159 419 3211 A.
437 3160 473 3211 D.
493 3160 556 3209 331.
584 3158 750 3225 Anthyochie
770 3158 906 3211 ordinatur
924 3161 1020 3212 Vitalis
1040 3188 1074 3198 -
1094 3187 1128 3198 -
1149 3176 1258 3211 numero
1280 3161 1322 3211 11.
1362 3159 1429 3212 ibid.

201 3236 302 3279 111111.
385 3234 419 3285 A.
438 3233 474 3282 D.
492 3233 555 3282 032.
581 3233 694 3284 Sanctus
713 3234 837 3298 Agricius
862 3234 998 3284 Treverim
1025 3235 1144 3293 veniens,
1173 3239 1203 3284 ut
1228 3233 1295 3284 alter
1320 3235 1429 3285 Eucha-

312 3308 367 3359 rius
386 3306 513 3374 populum
532 3306 566 3356 ab
586 3307 695 3373 antiquo
714 3323 802 3358 errore
820 3306 952 3372 ydolatrie
972 3308 1069 3372 eripuit
1094 3312 1122 3357 et
1146 3307 1252 3358 domum
1272 3307 1430 3358 beatissimo

312 3380 418 3433 Helene
436 3381 583 3431 inhonore
603 3381 688 3432 sancti
706 3382 780 3432 Petri
800 3380 936 3431 dedicavit
962 3387 988 3432 et
1014 3385 1094 3446 caput
1119 3379 1234 3431 ecclesie
1256 3381 1431 3433 Treverensis

312 3461 342 3506 ut
361 3459 433 3506 esset
450 3454 574 3504 instituit.

385 3526 419 3577 A.
434 3527 468 3577 D.
483 3527 545 3576 333.
565 3526 698 3577 Iuvencus
711 3526 850 3591 presbyter
866 3553 897 3562 -
914 3554 945 3563 -
960 3526 1172 3592 Nychomediam
1186 3528 1302 3578 moritur.
1328 3526 1431 3580 11711111.

388 3601 420 3650 Α.
435 3599 462 3649 d.
475 3601 494 3650 i.
509 3599 571 3661 341,
590 3599 624 3650 U.
639 3605 727 3650 autem
742 3615 767 3649 c.
783 3599 862 3649 1092.
883 3599 1102 3652 Constantius-
1118 3602 1271 3667 —imperii
1289 3600 1335 3650 23.
1365 3599 1433 3652 ibid.

201 3673 230 3717 θ.
243 3673 305 3714 Tres.
389 3673 503 3724 Sanctus
522 3673 655 3737 Agricius,
675 3671 844 3736 pontificatus
864 3673 905 3722 sui
924 3673 1012 3724 officio
1032 3673 1147 3741 expleto,
1170 3675 1296 3738 migravit
1319 3673 1355 3722 ad
1377 3675 1433 3726 Do-

314 3746 428 3807 minum;
448 3746 492 3794 cui
511 3746 640 3796 successit
652 3750 760 3795 sanctus
772 3745 939 3808 Maximinus,
959 3747 1105 3814 discipulus
1120 3749 1212 3814 ipsius,
1233 3748 1280 3812 qui
1291 3747 1433 3798 Eufratem

315 3816 515 3868 Coloniensium
533 3818 680 3868 hereticum
700 3816 823 3883 deposuit
842 3824 869 3869 11
888 3819 1043 3871 Severinum
1062 3822 1090 3870 in
1107 3820 1169 3872 loco
1189 3822 1246 3872 eius
1265 3821 1434 3886 subrogavit,

314 3888 490 3941 Athanasium
508 3889 718 3940 Alexandrinum
739 3891 893 3958 episcopum
912 3895 1123 3958 persecutionem
1140 3894 1296 3945 Constancii
1314 3895 1434 3962 impera·

314 3964 378 4014 toris
396 3963 546 4030 fugientem
565 3963 710 4015 honorifice
729 3967 848 4031 suscepit
867 3969 894 4014 et
912 3966 1068 4032 intrepidus.
1104 3967 1172 4018 Nam
1191 3971 1272 4018 antea
1289 3972 1346 4019 toto
1368 3970 1434 4020 orbe

313 4037 442 4102 profugus
455 4038 618 4103 vagabatur,
637 4053 688 4088 nec
707 4036 777 4088 ullus
790 4037 825 4087 ad
837 4036 974 4089 latendum
995 4040 1021 4090 ei
1033 4046 1171 4106 supererat
1188 4041 1273 4092 locus.
1310 4041 1434 4105 Tribuni,

313 4112 451 4177 prepositi,
478 4112 589 4162 comites
616 4112 801 4176 exercitusque
827 4110 861 4160 ad
886 4112 1101 4177 investigandum
1121 4130 1181 4165 eum
1201 4114 1296 4165 edictis
1315 4117 1435 4181 impera·

313 4185 411 4234 toriis³
426 4187 499 4248 moti,
518 4186 581 4234 totis
594 4185 671 4250 regni
683 4183 783 4236 viribus
798 4189 1026 4251 concertaverunt,
1039 4188 1063 4238 si
1076 4188 1135 4252 quis
1148 4189 1238 4238 vivum
1250 4189 1376 4252 maxime,
1393 4191 1436 4240 sin

314 4257 409 4320 minus,
424 4264 497 4309 certe
508 4257 595 4324 capud
607 4257 772 4309 detulissent.
789 4258 970 4310 Veruntamen
980 4260 1130 4312 T1eberis6
1144 4263 1220 4312 annis
1233 4260 1312 4313 latuit
1323 4263 1352 4312 in
1367 4279 1434 4330 qua-

311 4421 336 4475 a)
354 4425 384 4464 iis
401 4435 484 4468 10011.
500 4425 521 4464 Β
538 4429 559 4465 1.
