2924 5006
168 407 356 464 CHRONIOA
375 413 488 465 REGIA
510 413 761 466 COLONIENSIS.
783 414 887 466 CONT.
905 413 939 464 Δ.
960 413 1040 464 1195.
1118 415 1168 464 157

447 585 615 638 Bacensie
634 586 659 638 Ι.
680 595 703 638 et
723 587 764 638 Il.

56 659 85 716 et
106 649 287 716 Calabriam
310 653 372 718 sibi
394 653 593 739 subiugavit,
616 652 714 718 filiam
745 675 929 740 quoquere
954 655 980 716 's
1003 653 1169 737 Graciae1,

75 755 132 797 uae
153 734 340 799 Tancred0²
362 736 484 801 nubere
506 737 667 815 debuerat,
691 737 781 801 fratri
803 758 860 801 suo
872 737 929 800 Ph'
943 738 1020 823 ippo
1035 758 1170 801 uxorem

56 757 138 882 ledit
159 841 234 882 cum
257 829 346 904 parte
370 821 506 905 quadarn
530 821 678 908 Apuliae.
727 821 921 884 blarroch³·³
950 843 1010 884 rex
1030 819 1170 886 Afflicae

54 902 93 966 25
106 903 296 967 summarios
311 925 390 968 auro
405 913 437 969 et
450 904 556 991 lapide
571 906 716 990 precioso
731 906 903 990 multisque
918 904 1010 968 donis
1023 915 1170 968 oneratos

56 987 230 1073 imperatori
252 988 358 1053 mittit.
729 984 732 994 ,

131 1071 320 1156 Imperator,
342 1081 379 1136 nt
399 1073 449 1136 vir
470 1072 541 1137 Deo
564 1071 676 1159 plenus
698 1072 839 1138 recolens
861 1073 1005 1136 miserias
1025 1082 1057 1136 et
1072 1072 1171 1157 capti-

56 1153 181 1218 vitatem
205 1155 450 1220 christianorum
472 1159 610 1220 interra
631 1157 861 1242 promissionis,
883 1155 925 1219 ad
950 1154 1171 1221 liberationem

57 1237 119 1301 cius
139 1239 285 1302 animum
305 1239 450 1321 intendit,
474 1241 615 1306 scribens
637 1239 677 1304 ab
693 1239 832 1325 Apuliae
855 1239 1004 1304 omnibus
1019 1240 1052 1303 in
1066 1240 1170 1304 Thou·

57 1322 178 1386 tonica⁰
200 1334 286 1387 terra
308 1325 488 1389 constitutis
510 1326 545 1387 in
565 1324 651 1389 hunc
673 1325 820 1388 modum:

15 1405 17 1424 ³
134 1407 356 1487 H[einricus]
366 1409 432 1472 Dei
453 1409 567 1494 pratia
577 1410 772 1474 Romanusl
794 1411 839 1473 im
864 1417 983 1490 erutor,
1005 1430 1065 1473 rea
1087 1407 1172 1474 siei-

58 1488 135 1554 liaee
157 1501 186 1555 et
208 1513 336 1577 semper
351 1503 523 1578 aupustus,
546 1493 671 1557 dilectis
693 1517 732 1556 ac
746 1430 901 1575 fidelibus
923 1493 994 1556 suis
1010 1493 1172 1578 archiepi-

15 1591 16 1604 ³
58 1575 167 1658 acopis,
199 1576 372 1641 abbatibus
401 1587 430 1641 et
462 1578 670 1642 ecclesiarum
696 1577 836 1662 prelatis
858 1578 1003 1662 qratiam
1026 1586 1172 1642 suamet

60 1679 142 1722 omne
171 1659 300 1724 bonam.
340 1661 554 1726 Universitati
574 1670 699 1726 vestrae
723 1661 878 1725 ducimus
901 1662 932 1723 si
955 1659 1172 1742 nificaudam,

60 1743 147 1888 Zuod,
164 1765 230 1828 per
252 1747 398 1830 pretinm
419 1747 486 1810 Dei
506 1768 606 1830 repno
620 1745 758 1810 Siciliae
780 1744 873 1808 nobis
895 1683 1070 1829 subiupate
1086 1753 1115 1808 et
1135 1745 1172 1807 in

77 1847 168 1891 onam
197 1837 319 1893 statam
343 1829 486 1912 redacte,
517 1831 563 1893 ad
591 1831 743 1894 bonorem
773 1830 843 1892 eius
872 1830 930 1912 qui
951 1828 1089 1892 brachia
1111 1851 1174 1892 sua

60 1911 193 1975 scandit
214 1914 251 1976 in
275 1936 401 1977 erucem
418 1937 484 1997 pre
499 1915 591 1978 nobis
606 1913 801 1992 immolatus,
816 1911 988 1976 recolentes
1006 1913 1174 1976 miseriam

61 2003 86 2055 at
118 1998 306 2081 enpustias,
344 2019 428 2082 quae
461 2008 550 2062 terra
579 1999 812 2082 promissionis
842 1996 1006 2079 peccatisr
1035 1999 1172 2080 eaipen-

61 2076 138 2141 tibus
152 2079 301 2224 [scritate
324 2105 541 2167 papauerum
568 2081 815 2146 intolerabiliter
837 2101 995 2164 oppressa
1025 2081 1171 2160 sustinet,

62 2162 93 2224 in
118 2163 288 2249 solempni
315 2167 412 2230 curia
443 2166 536 2251 apud
571 2166 702 2228 Baram
734 2169 771 2228 in
795 2164 885 2248 festo
922 2165 1172 2228 resurrectionis
1181 2181 1237 2232 err·
1254 2184 1275 2226 a

15 2287 16 2292 κ
62 2243 188 2311 Domini
222 2247 382 2313 celebrata
420 2273 485 2333 pre
520 2250 737 2334 redemptione
771 2249 910 2312 eiusdem
944 2257 1050 2311 terrae
1086 2247 1174 2311 mille

15 2367 16 2426 ,
63 2330 247 2416 quippentes
269 2332 385 2398 milites
407 2343 436 2396 et
456 2334 586 2398 totidem
607 2343 812 2419 sarpantosss
833 2335 870 2395 in
886 2334 1038 2416 carpensis
1054 2333 1175 2396 nostris

15 2429 16 2490 ζ
65 2415 228 2480 aMarcio
251 2439 354 2502 usque
377 2419 421 2481 ad
444 2440 570 2482 annrem
592 2419 810 2481 transmittere
833 2417 1043 2496 decrevimus,
1065 2425 1094 2478 et
1116 2418 1175 2480 loc

15 2525 17 2630 p
63 2497 225 2582 manifeste
247 2501 490 2585 spopondimus,
513 2503 630 2565 unicui
652 2523 690 2564 ue
712 2501 811 2564 militi
832 2500 873 2563 30
895 2501 1015 2564 uncias
1044 2502 1122 2564 auri
1148 2509 1177 2562 et

64 2587 181 2646 tantum
197 2607 352 2648 annonae
367 2607 452 2671 quae
466 2587 497 2648 ei
512 2585 606 2649 cumh
622 2525 748 2650 sinebas
763 2584 976 2648 seruientibus
997 2584 1042 2648 ad
1056 2586 1177 2648 uictum

64 2666 155 2728 unias
178 2672 265 2733 anni
279 2679 386 2754 petest
407 2669 558 2752 sufficere
580 2678 609 2731 et
630 2678 790 2754 sarpanto
822 2668 861 2731 10
890 2669 1010 2732 uncias
1041 2669 1120 2732 auri
1149 2677 1178 2731 et

15 2819 16 2828 χ
66 2753 181 2815 tautum
204 2775 358 2816 annonae
381 2775 464 2839 quae
487 2756 517 2816 ei
544 2753 590 2816 ad
612 2775 738 2817 annum
765 2751 905 2836 sufficiet
932 2751 1059 2816 daturi.
1117 2752 1176 2816 Pe·

15 2845 17 2910 ᾗ
65 2833 188 2898 cuniam
210 2859 286 2902 aero
308 2837 501 2922 ubicumque
522 2859 623 2901 naves
639 2836 812 2900 ascendent
826 2840 872 2900 eis
888 2836 1048 2916 dabimus,
1072 2859 1175 2900 anno·

15 2975 16 2980 ,
66 2935 135 2980 nam
161 2932 269 2984 autem
295 2921 427 2986 traduci
449 2920 619 3006 faciemus
646 2929 675 2984 ct
702 2943 742 2984 erc
774 2919 834 2984 illa
858 2930 958 3004 parte
985 2922 1090 2984 maris
1121 2921 1178 2984 ubi

66 3018 155 3067 naves
185 3004 409 3090 applicuerint
440 3006 487 3069 eis
510 3004 783 3089 presentabimus.
853 3003 974 3068 Milites
1002 3007 1114 3087 itaque
1149 3013 1179 3066 et

15 3099 16 3122 ³
66 3092 207 3170 carpenti
229 3089 389 3154 iurabant
411 3089 538 3153 obedire
552 3087 613 3170 illi,
629 3112 721 3174 quem
735 3089 930 3174 mapistrum
944 3090 990 3152 eis
1007 3111 1045 3151 ac
1061 3088 1174 3152 ducem

15 3195 16 3232 i
67 3172 294 3254 constituemus,
323 3183 352 3238 et
371 3196 438 3258 per
467 3195 593 3236 annum
619 3183 706 3236 stare
736 3173 772 3235 in
802 3173 932 3236 servitio
963 3173 1037 3236 Dei.
1082 3173 1175 3235 Etsi

68 3246 197 3336 aliquem
219 3279 329 3320 aarum
356 3279 396 3320 ea
419 3257 490 3321 boei
512 3257 633 3321 munde
655 3259 801 3342 miprare
821 3257 1002 3341 contiperit,
1019 3257 1177 3342 quiequid

68 3330 101 3395 (le
118 3343 260 3420 pecunia
288 3341 337 3405 cel
364 3363 500 3404 annona
527 3343 558 3406 ei
590 3341 672 3405 data
694 3339 871 3425 reliquerit,
893 3339 980 3404 nulli
1002 3341 1178 3425 assipnare

63 3424 181 3502 poterit,
204 3425 261 3488 scd
280 3448 347 3509 pro
374 3425 511 3490 consilio
538 3427 772 3510 mapistrorum
800 3447 840 3486 ac
868 3425 987 3488 ducum
1015 3425 1178 3488 emercitus

15 3509 16 3512 ’
70 3497 130 3582 alii,
151 3510 209 3590 qui
229 3511 330 3573 vicem
352 3511 421 3572 eius
444 3509 603 3594 compleat
624 3518 653 3571 et
669 3531 736 3594 pro
758 3509 830 3592 ipso
861 3509 993 3589 serviat,
1023 3509 1176 3592 assipna·

69 3579 154 3652 bitur.
212 3593 416 3656 Mandemus
446 3595 552 3678 ipitur
571 3593 782 3656 universitati
803 3600 928 3654 uestrae
950 3600 1120 3677 repantes,
1142 3601 1178 3655 ut

71 3665 146 3735 lane
166 3676 362 3741 voluntatem
388 3687 534 3742 uestram
561 3676 720 3740 militibus
749 3684 778 3740 et
807 3675 898 3739 bonis
927 3675 1113 3740 bominibus
1142 3675 1178 3738 in

70 3749 186 3836 dpecesi
205 3771 314 3825 uestra
336 3764 517 3826 constitutis
539 3763 712 3825 insinuare
728 3760 858 3840 curetis,
880 3768 926 3840 ut,
942 3761 973 3823 si
995 3761 1054 3845 qui
1067 3781 1178 3822 eorum

72 3835 109 3931 qd
127 3845 377 3929 propulsandas
407 3847 554 3910 iniurias
587 3844 713 3910 Obristo
741 3853 770 3908 et
796 3844 1034 3907 cbristianitati
1065 3842 1179 3906 illatas

72 3926 214 4015 instinctu
236 3929 350 3993 divino
372 3930 421 3994 ire
442 3929 613 4010 coluerint,
634 3930 672 3992 in
690 3951 732 3991 ra
748 3929 920 3991 terminum
930 3927 1117 4011 predictum
1133 3927 1180 3990 ad

72 4009 125 4066 tter
145 4032 175 4072 se
193 4023 385 4098 preparent.
432 4013 558 4075 Datum
585 4035 654 4098 apu
709 4013 854 4076 Tranum
881 4009 1299 4094 alienaealienae.

74 4123 202 4178 *litassent
218 4141 262 4180 Gt.
292 4137 468 4190 mapalium.
501 4137 708 4189 c)'I¹euthon.A2.
739 4135 1179 4189 d)Roffi.Ae;RomanommBs.1rr.

74 4182 92 4234 θ)
106 4189 181 4236 Cicilia
197 4198 240 4239 02.
277 4199 425 4248 operatoris
441 4209 477 4237 ex.
494 4199 521 4236 B.
538 4199 560 4238 0.
621 4196 644 4251 g)
660 4202 781 4246 surgentes
797 4199 840 4239 01.
920 4193 944 4246 h)
959 4206 1011 4235 cum
1028 4217 1054 4226 -
1071 4205 1179 4236 annonae

75 4253 248 4296 quaesiissent
264 4258 291 4298 Β,
309 4260 331 4299 0.
392 4256 409 4307 t)
435 4258 490 4296 deest
507 4258 552 4298 02.

77 4337 100 4404 1)
116 4343 216 4467 grenan.
246 4354 320 4474 PL2)
344 4352 477 4402 Teneredi
487 4350 559 4418 Jilio.
635 4350 665 4417 3)
685 4339 809 4404 Fortasse
828 4366 875 4402 rea
889 4349 1065 4402 Mamaeanas
1084 4349 1180 4401 intelli-

15 4427 16 4434 ’
75 4428 116 4475 9⁶st
136 4435 164 4471 us
182 4433 226 4476 est.
298 4464 304 4478 .
