2934 4998
142 392 340 445 ennomus
359 394 470 446 encra
491 381 743 446 conoulnusrs
765 393 867 446 cour.
879 385 931 444 111.
952 400 985 450 a.
998 397 1077 448 1219.
1133 402 1185 454 aas

465 565 628 618 Recensio
647 567 672 618 I.
692 575 721 619 et
739 566 781 619 II.

49 655 124 700 suut
148 650 192 700 ad
212 652 306 717 ripam.
344 649 380 700 Et
399 650 438 700 sic
451 652 583 700 veraciter
603 649 796 716 deprehensum
817 655 866 712 est,
885 651 1040 705 Damiatam
1059 657 1117 709 sola
1135 663 1187 711 vir·
1200 671 1252 713 olio.

47 726 115 773 tute
140 723 244 774 divina
268 727 296 774 in
321 739 414 774 manus
441 723 644 774 christianorum
667 723 724 774 fore
748 722 915 774 tradendam.
953 727 1076 794 Denique
1101 733 1187 784 chri·

49 798 184 846 stiani
210 798 377 848 immemores
407 794 597 847 beneficiorum
622 798 676 846 Dei
705 802 731 847 et
759 796 919 847 mirabilium
939 815 1007 865 quae
1027 806 1187 859 ostendit

50 871 126 930 eis,
156 875 379 936 provocaverunt
404 869 496 920 oculos
523 870 630 920 divinae
655 871 802 920 maiestatis
829 876 921 921 contra
940 888 968 922 se
987 890 1035 939 per
1055 876 1186 931 desidiam

49 945 251 1009 maiorumet
269 945 490 995 murmurationes
509 945 670 994 minorumfl.
707 943 785 994 Unde
805 944 905 994 factum
925 952 974 1006 est,
999 953 1037 1012 ut,
1068 965 1185 1005 commu-

48 1017 141 1068 nibus
158 1018 334 1084 exigentibus
355 1018 448 1084 culpis,
462 1019 490 1066 in
506 1016 687 1068 decollatione
707 1019 794 1068 sancti
812 1017 939 1069 Iohannis
958 1021 1100 1088 baptistae,
1119 1026 1294 1086 licostratos.

48 1093 171 1156 pauci
200 1093 390 1153 invenirentur,
419 1091 465 1156 qui
489 1092 517 1141 in
540 1090 663 1142 custodia
689 1095 835 1141 castrorum
859 1101 1036 1156 remanerent,
1061 1100 1186 1152 navalem
1249 1143 1250 1150 ,

51 1169 80 1216 et
113 1170 281 1216 terrestrem
311 1167 456 1216 exercitum
489 1167 607 1230 equitnm
636 1170 663 1214 et
690 1164 811 1230 peditum
844 1166 997 1231 educentes,
1030 1169 1064 1218 ad
1098 1179 1185 1226 castra

49 1237 274 1290 Babiloniorum
294 1241 436 1290 tenderent
454 1239 522 1288 inter
540 1253 613 1287 mare
628 1243 654 1287 et
667 1239 785 1298 fluvium,
804 1239 851 1288 ubi
865 1238 951 1290 dulcis
964 1256 1034 1307 aqua
1047 1259 1104 1312 rep
1114 1249 1185 1298 eriri

51 1326 112 1361 non
134 1319 254 1378 poterat
270 1313 305 1363 ad
324 1312 480 1378 potandum,
499 1309 689 1376 Hospitalariis
700 1312 792 1362 Sancti
805 1312 933 1362 Iohannis
954 1320 984 1363 et
1002 1314 1092 1380 legato
1112 1320 1184 1372 sedis

51 1385 211 1436 Romanae
233 1393 259 1437 et
278 1387 438 1452 patriarcha,
458 1385 503 1450 qui
524 1401 629 1435 crucem
644 1384 788 1449 baiulabat,
808 1385 919 1436 multum
934 1394 960 1437 et
973 1388 1069 1439 frustra
1082 1394 1183 1460 suppli-

52 1460 205 1523 cantibus,
233 1466 264 1510 ut
287 1460 471 1510 subsisterent.
509 1459 577 1508 Nam
602 1475 673 1508 cum
693 1464 764 1509 estus
784 1458 847 1510 solis
875 1467 967 1510 esset
990 1465 1129 1531 nimius,
1158 1473 1185 1519 et

53 1531 173 1598 pedites
196 1549 328 1584 armorum
342 1533 459 1599 pondere
479 1539 708 1596 premerentur,
728 1538 867 1598 propter
882 1534 993 1584 nimium
1011 1535 1131 1589 laborem
1152 1548 1185 1592 et

53 1605 156 1656 sitim
180 1611 260 1672 terga
280 1607 383 1669 dantes,
408 1622 479 1656 cum
500 1606 633 1671 equitibus
654 1607 764 1656 extincti
782 1611 850 1667 suut,
876 1607 934 1656 sine
953 1608 1106 1662 vulneribus
1126 1629 1183 1663 cor·

53 1685 185 1730 ruentes.
239 1680 275 1731 At
306 1681 456 1742 Sarraceui,
488 1682 534 1745 qui
565 1679 678 1730 sublatis
709 1680 830 1729 tentoriis
861 1679 951 1744 fug'am
983 1683 1183 1749 simulaverant,

57 1753 233 1804 videntes
272 1753 450 1803 defectum
489 1752 772 1814 christianornm,
815 1756 952 1804 reversi
994 1755 1182 1821 plurimam

56 1826 331 1877 multitudinem
362 1826 631 1876 interficiebant
666 1831 699 1876 et
731 1826 966 1892 captivabant.
1015 1828 1093 1896 Capti
1121 1838 1182 1884 sunt

54 1899 96 1948 ibi
118 1900 235 1952 electus
258 1894 451 1951 Belvaeensisb
478 1905 505 1950 et
527 1900 610 1950 frater
634 1901 690 1949 eius
717 1899 876 1951 camerarius
902 1903 974 1964 regis
993 1901 1125 1956 Franciae
1155 1913 1182 1957 et

56 1971 131 2024 filius
154 1976 227 2035 eius,
252 1975 335 2024 frater
352 1973 555 2038 studegavensis
581 1974 709 2039 episcopi,
736 1987 795 2022 cum
815 1972 934 2022 Iohanne
961 1974 994 2024 de
1013 1977 1099 2037 Arcis,
1124 1980 1181 2030 viro

54 2046 146 2096 nobili
169 2053 202 2098 et
220 2047 299 2098 valde
319 2053 453 2110 strennuo,
480 2053 506 2097 et
525 2048 668 2096 Heinricus
688 2045 721 2096 de
741 2045 819 2096 Ulme
840 2052 867 2096 et
887 2045 934 2096 alii
959 2049 1043 2109 multi,
1064 2052 1109 2116 qui
1127 2058 1181 2104 tru-

58 2119 146 2170 cidati
168 2128 235 2172 suut
254 2123 325 2172 etin
347 2122 528 2186 captivitatem
549 2120 637 2183 duoti;
655 2119 801 2186 Templarii
816 2120 849 2168 33
865 2121 936 2185 capti
955 2121 998 2170 vel
1018 2125 1102 2174 occisi
1121 2133 1182 2177 suut

57 2207 119 2242 oum
141 2195 334 2246 marescalco⁰
354 2194 493 2260 hospitalis
507 2194 599 2244 Sancti
614 2193 742 2243 Iohannis
756 2209 815 2243 oum
835 2193 895 2244 aliis
914 2194 1038 2246 fratribus
1062 2199 1181 2250 eiusdem

56 2264 166 2318 domus.
219 2269 406 2319 Persecutores
436 2267 472 2317 ad
501 2267 672 2318 deducendos
702 2268 822 2332 captivos
855 2272 881 2317 et
909 2268 996 2333 spolio
1027 2271 1181 2336 colligenda

56 2341 172 2390 tandem
195 2342 340 2404 redIerunt,
360 2342 505 2407 quingenta
526 2343 615 2407 capita
634 2341 836 2390 christianorum
854 2340 966 2391 soldano
986 2353 1179 2408 presentantes.

56 2413 150 2465 Meror
177 2421 212 2466 et
238 2417 398 2466 tristicia
420 2414 551 2465 fideles
578 2415 729 2480 occupavIt,
756 2413 804 2464 sed
824 2414 898 2464 Deus
924 2415 952 2464 iu
978 2416 1052 2466 brevi
1078 2418 1179 2470 luctum

59 2502 154 2538 eornm
175 2489 356 2554 ingaudium,
375 2503 504 2538 merorem
520 2489 548 2537 in
560 2487 680 2538 leticiam
696 2487 834 2539 convertit.
872 2488 939 2538 Nam
953 2489 1080 2542 soldanus
1099 2509 1179 2544 unum

60 2560 93 2610 de
113 2564 235 2628 captivis
254 2564 370 2621 mittens,
397 2562 429 2611 de
455 2577 522 2628 pace
541 2555 606 2611 vel(1
632 2567 727 2626 treuga
754 2576 813 2610 cum
840 2562 878 2612 eis
901 2567 1018 2613 tractare
1042 2567 1127 2630 cepit;
1151 2568 1180 2616 in

59 2650 112 2700 quo
132 2641 256 2686 tractatu
265 2637 393 2687 fossatum
408 2641 504 2685 suum0
524 2641 550 2685 et
569 2635 729 2685 munitiones
749 2635 817 2685 alias
834 2642 1025 2701 reparaverunt
1043 2637 1178 2691 alacriter.

60 2707 171 2759 Interea
203 2711 298 2760 civitas
327 2709 465 2760 obsidione
495 2708 584 2772 longa,
615 2708 693 2770 ferro,
724 2708 794 2757 fame
824 2713 851 2758 et
878 2709 1033 2775 pestilentia
1061 2715 1179 2778 graviter

60 2782 175 2846 afflicta,
202 2785 231 2833 iu
256 2783 314 2834 sola
338 2798 415 2849 pace,
444 2797 524 2848 qnam
543 2781 668 2833 soldanus
694 2782 797 2832 civibus
822 2784 954 2847 promisit,
982 2799 1058 2850 spem
1081 2789 1178 2853 posuit.

59 2854 135 2906 Adeo
158 2858 279 2906 enimin
299 2872 332 2906 ea
355 2855 439 2906 fames
457 2855 579 2917 invaluit,
603 2860 633 2905 ut
653 2855 707 2905 cibi
726 2855 920 2906 desiderabiles
940 2856 1072 2909 deessent.
1109 2862 1178 2910 Nam

61 2943 92 2977 ex
111 2931 242 2994 augustia
267 2930 345 2980 famis
370 2929 477 2978 diversa
501 2922 668 2979 morborumr
693 2945 793 2994 genera
818 2930 952 2980 vexabant
972 2947 1031 2994 eos;
1058 2937 1085 2982 et
1109 2935 1179 2985 inter

60 3007 152 3053 cetera
171 3005 352 3063 incommoda,
379 3018 447 3068 quae
465 3005 654 3065 sustinuerunt,
679 3002 800 3052 noctibus
822 3002 896 3054 velut
914 3005 1032 3054 aorisias
1049 3011 1177 3071 percussi,

61 3079 160 3139 apertis
178 3077 265 3128 oculis
285 3075 368 3126 nichil
386 3076 478 3126 videre
500 3076 665 3126 dicebantur.
712 3074 771 3126 Illis
798 3077 878 3126 etiam
904 3078 950 3142 qui
973 3077 1037 3128 foris
1055 3081 1083 3128 iu
1103 3095 1177 3131 exer-

61 3148 114 3199 citu
123 3150 335 3201 Sarracenorum
348 3166 397 3200 uos
413 3149 575 3200 obsederunt
593 3151 671 3215 copia
683 3151 760 3214 panis
774 3155 801 3199 et
814 3148 906 3215 pabuli
920 3152 992 3215 cepit
1008 3151 1176 3204 decrescere.

62 3221 138 3273 Nilus
159 3224 304 3291 siquidem,
333 3225 379 3290 qui
406 3228 467 3289 post
491 3224 588 3274 festum
613 3223 699 3274 sancti
726 3222 854 3273 Iohannis
874 3222 1008 3289 baptistae
1027 3241 1111 3290 usque
1140 3227 1280 3277 adluats.

66 3295 256 3348 exaltationem
281 3303 391 3348 sanctae
418 3297 503 3347 crucis
529 3296 597 3347 solet
616 3310 772 3346 excrescere
791 3300 818 3345 et
838 3296 937 3362 Egypti
956 3297 1100 3362 planiciem
1118 3301 1176 3351 irri-
1186 3305 1242 3354 sapt.
1251 3303 1285 3344 14-

64 3382 135 3432 gare,
155 3373 235 3438 ipso
254 3387 324 3421 anno
342 3386 415 3421 more
435 3387 482 3420 auo
501 3386 555 3420 nou
574 3368 695 3420 ascendit
714 3368 749 3418 ad
769 3370 883 3434 signum,
903 3370 974 3436 quod
994 3387 1093 3436 ponere
1113 3389 1176 3424 eon-

65 3451 209 3495 sueverunt
220 3445 339 3510 Egyptii‚
361 3451 387 3494 et
406 3459 530 3508 maguam
550 3449 652 3509 partem
672 3449 759 3492 terrae
778 3443 879 3493 siccam
899 3443 1015 3509 reliquit,
1036 3462 1105 3511 quae
1125 3463 1176 3498 nec

67 3517 133 3566 arari
160 3534 214 3569 nec
241 3519 367 3570 seminari
394 3523 499 3584 poterat
526 3533 573 3567 suo
602 3523 730 3582 tempore.
780 3517 859 3567 Unde
889 3517 1016 3568 soldanus
1041 3520 1177 3571 caristiam

66 3588 160 3641 timens
182 3598 210 3642 et
227 3592 333 3652 famem,
353 3593 434 3642 etiam
454 3607 544 3641 amore
563 3589 719 3640 retinendae
730 3591 882 3652 Damiatae,
901 3590 982 3641 talem
1001 3607 1096 3658 pacem
1117 3610 1177 3644 cum

67 3658 144 3712 fratre
167 3681 216 3716 suo
238 3665 371 3716 Ooradino
392 3665 542 3715 christianis
562 3662 668 3726 obtulit,
688 3670 717 3714 ut
736 3679 841 3714 crucem
860 3671 988 3727 sanctam,
1009 3681 1077 3731 quae
1099 3673 1178 3734 capta

67 3731 114 3785 fuit
133 3738 161 3787 in
174 3739 288 3789 victorio
298 3738 429 3800 Saladini,
450 3753 509 3787 oum
525 3738 633 3788 civitate
647 3743 741 3787 sancta
755 3744 782 3789 et
794 3739 915 3789 omnibus
929 3741 1051 3804 captivis,
1072 3742 1117 3805 qui
1130 3757 1178 3807 per

67 3819 176 3872 reguum
196 3811 342 3877 Babylonis
362 3818 389 3862 et
409 3812 537 3862 Damasci
556 3812 611 3860 vivi
628 3812 739 3877 reperiri
757 3817 874 3878 possent,
899 3819 1019 3878 sumptus
1043 3815 1122 3863 etiam
1142 3814 1177 3864 ad

69 3885 228 3946 reparandos
252 3901 339 3936 muros
364 3883 539 3947 Iherusalem,
564 3883 696 3947 redderet,
726 3885 836 3951 insuper
860 3901 971 3950 regnum
997 3885 1177 3937 Ihsrosolimi-

70 3956 156 4006 tanum
179 3958 297 4009 totaliter
325 3959 488 4020 restitueret,
513 3964 601 4024 preter
621 3957 751 4008 Graccum
779 3964 805 4008 et
826 3958 943 4009 Mentem
963 3958 1101 4024 Regalem,
1129 3977 1176 4027 pro

72 4028 162 4088 quibus
181 4032 328 4083 retinendis
347 4032 473 4082 tributum
487 4030 584 4081 obtulit
599 4031 726 4096 quamdin
738 4037 832 4096 treuga
846 4032 961 4082 duraret.
1000 4032 1068 4083 Sunt
1087 4040 1177 4084 sutem

72 4095 119 4150 hec
137 4103 188 4155 duo
207 4104 269 4157 loca
287 4107 316 4155 in
334 4105 435 4158 Arabia
460 4105 520 4164 sita,
545 4110 648 4170 septem
674 4106 834 4156 munitiones
858 4105 1022 4157 firmissimas
1040 4105 1176 4171 habentia,

76 4225 96 4280 a)
110 4233 223 4278 iuniorum
240 4238 271 4278 01.
287 4238 333 4278 cod.
393 4234 416 4289 b)
431 4235 617 4280 el.Bel.electus
634 4237 682 4287 01,
697 4237 747 4277 Bel.
765 4237 831 4278 elect.
849 4238 891 4279 02.
953 4234 974 4288 c)
995 4239 1176 4288 marsca110013

74 4295 243 4338 mmcalcod't.
273 4296 297 4349 d)
310 4295 382 4336 etos.
413 4295 435 4348 e)
450 4296 505 4336 deest
522 4294 563 4336 Ol.
594 4295 781 4347 Ornembroruru,
796 4307 902 4346 superous.
917 4301 965 4344 post
980 4297 1032 4344 clio,
1047 4303 1072 4337 ut
1086 4299 1177 4346 videtur,

75 4357 144 4391 mona:
159 4356 196 4397 vei
211 4355 403 4406 morborumB1;
418 4355 573 4396 membrorum
588 4355 626 4394 vel
647 4356 778 4396 morborum
799 4355 941 4406 generali&
957 4356 1008 4406 Far
1024 4357 1177 4398 membrorum

76 4409 198 4454 morborum
213 4424 299 4465 genera
314 4415 355 4458 01.
365 4414 386 4454 2.
447 4412 470 4466 g)
487 4414 573 4455 aorisia
587 4425 643 4454 corr.
659 4415 744 4455 aorisia
759 4415 801 4456 02.
