2924 5006
141 419 327 471 CHRONIOA
345 418 456 470 REGIA
477 418 728 472 COLONIENSIS.
749 419 852 492 (ΣΟΠΤ.
872 419 925 469 111.
945 418 979 470 A.
991 418 1077 468 1203,
1118 419 1171 470 20⁶

457 593 622 646 Recensio
640 593 666 644 1.
686 599 710 644 et
727 592 769 644 11.

57 682 152 744 ctiam
173 680 284 744 uolatu
306 681 446 765 saqittue
467 683 525 743 rice
543 681 712 766 potuimus
728 680 896 764 attinqere.
927 679 1009 744 Inde
1050 681 1171 744 erreni-

56 787 125 828 mus
157 764 204 827 ud
231 765 401 849 quandam
426 766 546 828 turrim
574 764 796 848 fortissimam
823 787 883 848 que
913 762 1012 828 Galat
1036 787 1058 826 a
1084 786 1169 826 nun-

57 857 200 934 cupatur
210 857 233 929 ⁸,
262 851 299 912 in
331 872 398 935 qua
422 847 623 930 firmabatur
653 858 770 912 catena
780 846 900 930 ferrea
921 870 1040 934 qrossa
1061 849 1169 929 nimis,

56 956 136 1018 quae
142 935 258 1013 posita
272 933 393 1017 superb
408 931 502 1018 liqna
515 942 705 997 transuersa
715 955 805 995 mare
815 932 1057 1013 transnatabat,
1073 933 1170 994 attin·

57 1040 132 1116 qens
153 1039 257 1101 usque
280 1019 325 1081 od
339 1039 449 1081 muros
464 1019 616 1081 ciuitatis.
651 1016 775 1082 Calena
790 1015 849 1078 illu
863 1025 998 1101 portum
1012 1015 1171 1096 servabat,

57 1109 150 1164 ruma
180 1123 280 1185 quom
311 1123 412 1164 naves
441 1110 469 1165 et
499 1101 625 1188 qaleicle
656 1101 798 1164 ciuitatis
826 1123 898 1164 cum
936 1101 1049 1186 burqis
1077 1108 1172 1164 erant

57 1184 151 1249 latere
181 1187 228 1250 ad
257 1184 345 1248 lutus
374 1188 553 1267 coniuncte,
575 1185 668 1248 nobis
689 1185 859 1248 introitum
888 1185 1076 1248 imbibentes.
1129 1185 1171 1248 In

58 1271 141 1332 turri
173 1270 335 1354 siquidem
362 1271 526 1353 sepedicta
553 1278 648 1333 erant
674 1271 838 1333 sarianti⁰
869 1267 1014 1354 Anqlici,
1042 1269 1170 1350 Pisani,

59 1353 260 1435 lereniunid,
291 1355 413 1434 Duelli,
447 1355 492 1418 ad
525 1376 596 1418 eam
629 1354 847 1417 seruandam⁰
880 1363 909 1416 et
934 1355 1171 1439 proteqendum

59 1439 233 1519 constituti,
257 1441 314 1522 qui
335 1438 469 1502 eccibant
489 1441 608 1502 turrim
630 1447 658 1501 et
678 1437 861 1501 introibant
882 1439 965 1502 sicut
987 1447 1016 1502 et
1038 1439 1171 1524 qnando

58 1519 201 1590 uolebant
232 1523 277 1586 ad
304 1523 532 1608 saqittandum
559 1531 694 1587 nostros.
745 1521 855 1605 Super
876 1524 964 1586 turri
984 1532 1090 1587 autem
1111 1523 1172 1586 illu

62 1604 155 1670 lomdi
178 1605 335 1689 fuimusf
366 1631 438 1671 eum
470 1607 551 1670 duce
595 1607 729 1682 tenetis,
752 1608 824 1669 uiro
850 1606 1110 1689 prudentissimo
1144 1617 1173 1670 et

61 1689 203 1772 discreto,
225 1691 367 1755 dicentes
388 1692 428 1772 ei,
451 1691 538 1777 quod
558 1689 648 1754 nullo
669 1691 763 1754 modo
779 1698 888 1773 posset
910 1693 996 1774 capi,
1025 1692 1093 1755 nisi
1108 1713 1173 1774 per

61 1775 222 1838 minitores
245 1783 273 1839 et
289 1777 481 1858 petrariash
504 1784 685 1859 caperetur.
739 1773 924 1858 Respondit
944 1775 1047 1855 nobis,
1069 1776 1170 1860 quai

62 1859 150 1922 lurotu
164 1867 316 1924 catenam
331 1861 528 1942 antedictam
540 1859 671 1941 faceret
684 1880 784 1922 naues
798 1880 878 1921 suas
887 1859 1080 1943 protectis,
1092 1882 1171 1923 suas

62 1943 191 2027 eriqeret
217 1945 389 2028 petrarias
420 1967 492 2008 cum
521 1944 642 2008 uariis¹
671 1945 894 2007 instrumentis
920 1966 1019 2028 super
1053 1966 1170 2027 naues,·

63 2048 115 2090 nos
140 2049 267 2114 quoque
294 2037 408 2092 nostru
427 2027 617 2113 faceremus
644 2029 681 2091 in
706 2031 783 2091 cuia
806 2029 892 2113 eriqi
913 2049 1012 2112 super
1038 2037 1170 2109 terram,

64 2119 112 2172 et¹¹²
133 2114 180 2175 sic
215 2113 363 2196 undique
385 2114 488 2174 turris
522 2113 651 2176 obsessa
680 2051 746 2176 itu·
773 2121 946 2197 nostroque
976 2111 1104 2176 aunilio
1132 2113 1171 2176 de

17 2215 18 2228 ,
56 2192 151 2276 facili
172 2205 354 2281 caperetur.
396 2197 487 2260 Dum
509 2205 637 2259 autemss
659 2196 714 2260 bec
725 2211 727 2218 ⁴
730 2205 1006 2280 proponerentur,
1026 2199 1172 2260 sarionti

17 2479 19 2528 ξ
65 2446 235 2530 solitiones,
255 2451 335 2533 quin
349 2449 466 2533 forent
489 2451 608 2514 acriter
622 2450 801 2512 retromissi
822 2457 852 2513 et
869 2471 1003 2513 suorum
1022 2451 1171 2534 dampna

64 2278 95 2340 in
122 2282 209 2343 turri
239 2281 406 2344 latitantes
438 2282 560 2345 nostris
588 2281 737 2366 pentibus
766 2280 955 2366 suqittando
977 2281 1171 2364 inportunos

57 2360 223 2444 faciebant
251 2365 424 2428 insultus⁰.
485 2365 599 2428 Verum
628 2362 744 2428 uultur
773 2366 842 2428 uice
869 2366 906 2428 in
935 2386 994 2428 nos
1016 2365 1173 2447 fecerunt

17 2539 19 2610 t
65 2530 249 2597 multimoda
270 2534 475 2598 sustinerent.
521 2536 636 2598 Tereia
657 2555 731 2596 vero
747 2533 800 2596 die
811 2543 888 2619 post
902 2535 1042 2597 tentoria
1057 2543 1172 2598 nosue

17 2625 19 2642 t

17 2645 19 2658 t

17 2831 19 2880 l

66 2613 174 2679 ibidem
205 2617 339 2700 conflua
369 2617 421 2682 illi
457 2619 587 2682 deintus
619 2625 778 2698 eneuntes,
815 2619 936 2680 nostris
975 2618 1170 2704 quibusdam

66 2699 213 2764 militibus
245 2710 273 2764 et
295 2702 464 2786 peditibus
480 2711 593 2787 preter
613 2724 673 2766 nos
684 2701 840 2786 fecerunt
861 2701 1012 2765 insultus.
1055 2702 1170 2766 Penus

17 2795 19 2828 ἒ
66 2803 131 2848 nero
152 2785 189 2848 cle
211 2785 419 2850 Bratetcuetr
441 2809 513 2850 cum
546 2786 740 2871 quibusdam
770 2784 926 2850 militibus
954 2795 982 2850 et
1008 2789 1171 2850 sarientis

17 2885 18 2956 ᾗ
68 2878 205 2932 armatus
228 2871 467 2954 superueniens,
494 2872 540 2934 sic
562 2893 615 2934 eos
637 2893 709 2934 cum
721 2868 848 2953 festino
870 2871 991 2955 impetu
1018 2872 1171 2934 atrociter

17 2965 18 2994 ³
68 2949 190 3048 inuasit,
213 2955 301 3040 quod
322 2956 352 3018 ei
375 2977 441 3018 non
460 2963 639 3039 potuerunt
659 2955 805 3018 resistere
820 2977 878 3018 nec
893 2955 938 3018 ad
955 2958 1060 3019 turris
1081 2954 1169 3039 refu

69 3055 150 3117 quum
176 3060 337 3118 remeare;
370 3040 467 3102 immo
495 3040 638 3122 oportuit
658 3039 816 3122 quosdam
837 3061 947 3102 eorum
969 3041 1089 3102 nostris
1116 3040 1169 3102 in-

17 3139 19 3190 3
71 3122 219 3186 stantibus
228 3122 388 3207 prosilire
402 3124 439 3186 in
454 3145 554 3202 mare,
570 3131 598 3185 et
613 3122 659 3186 ibi
670 3123 831 3187 submersi
842 3121 996 3206 fuerunt,
1014 3122 1170 3205 quidamr

70 3208 213 3288 tmucati,
254 3207 389 3291 quidam
421 3229 494 3270 vero
530 3209 653 3272 retenti.
717 3206 836 3271 Statim
872 3206 941 3270 Deo
978 3206 1171 3270 mirabiliter

72 3300 212 3368 operante
239 3295 342 3355 turris
369 3293 487 3376 absque
515 3290 624 3356 bellico
644 3292 857 3354 instrumento
879 3298 979 3374 capta
1000 3298 1029 3352 et
1055 3299 1171 3354 catena

71 3381 161 3454 rupta
171 3374 256 3458 fuit.
300 3376 380 3440 Meu
401 3375 562 3460 siquidem
584 3375 725 3439 navibus
745 3375 888 3439 ciuitatis
908 3383 995 3437 retro
1025 3374 1170 3440 abeunti-

73 3451 131 3536 bus,
151 3481 250 3524 naues
272 3469 402 3523 nostrae
423 3459 561 3523 liberum
576 3468 711 3543 portum
738 3458 931 3539 babuerunt,
957 3467 986 3521 et
1013 3459 1172 3544 quosdam
1220 3467 1222 3474 '

17 3553 18 3604 ζ
74 3557 169 3604 corum
196 3543 293 3608 simul
321 3567 393 3608 oum
426 3541 579 3629 quleidis,
607 3543 771 3607 naviculis
799 3552 829 3605 et
860 3543 972 3628 barqis
1010 3551 1172 3628 oeperunt.

17 3667 18 3672 η
76 3620 154 3687 Tunc
174 3649 248 3690 uero
270 3629 390 3691 nostris
411 3628 551 3691 nauibus
573 3636 601 3691 et
632 3628 724 3692 nobis
747 3627 910 3692 ordinatis
940 3626 986 3690 ad
1012 3649 1172 3712 puqnam,

17 3759 18 3778 2
71 3713 274 3786 processimus
294 3713 391 3775 iuncto
410 3712 489 3776 litu-s
511 3711 557 3776 od
577 3713 738 3797 quendam
765 3721 894 3796 pontem
913 3711 1091 3795 lapideum,
1122 3709 1171 3773 di·

75 3797 197 3856 stantem
224 3819 246 3858 a
275 3804 365 3860 turre
387 3798 624 3880 prenominata
652 3819 722 3860 una
754 3795 857 3859 leuca.
909 3795 997 3860 Pons
1023 3817 1097 3859 uero
1119 3793 1173 3860 ille

17 3893 18 3896 ’
74 3881 246 3955 protensior
266 3890 337 3943 erat
353 3903 461 3964 paruo
477 3889 578 3964 ponte
600 3880 791 3961 Parisiensi,
808 3889 837 3944 et
850 3889 922 3944 erat
937 3880 1016 3944 adeo
1031 3880 1173 3960 strictus,

17 4041 18 4070 ἱ
78 3961 166 4040 quod³
194 3973 257 4028 tres
288 3968 408 4050 equites
433 3967 554 4028 iunctit
579 3963 678 4028 simul
703 3965 859 4028 lateribus
888 3965 966 4027 oter
990 3985 1054 4048 per
1080 3962 1174 4028 illum

78 4131 97 4186 ⁸)
110 4145 277 4194 nuncupabatur
292 4147 341 4188 Bl.
402 4144 427 4198 b)
441 4157 511 4196 supra
526 4147 573 4186 Bl.
639 4144 661 4198 c)
677 4147 774 4186 asstanti
790 4146 832 4200 ω.
896 4144 919 4196 (1)
933 4143 1046 4185 Icvsnani
1062 4143 1111 4193 023
1125 4143 1175 4184 Lo-

17 4211 18 4228 ÷
78 4199 159 4240 veniunt
173 4205 224 4254 1313
241 4204 369 4248 uenenum
387 4205 420 4254 u,
436 4207 494 4256 quoa
509 4205 645 4248 Genusum
660 4206 758 4244 indicare
771 4205 862 4245 uidetur.
915 4201 1174 4254 c)ucrv.ctou.s1.

78 4249 176 4304 slsumus
192 4265 233 4305 02.
294 4264 317 4317 g)
331 4267 481 4306 venetiorum
497 4265 525 4310 Μ,
586 4262 611 4314 h)
627 4265 741 4314 petranus
757 4265 800 4305 01.
818 4266 839 4306 s.
883 4262 902 4316 i)
917 4265 941 4302 et
956 4265 995 4305 01.
1012 4263 1033 4303 2.
1085 4260 1108 4314 k]
1123 4272 1174 4313 per·

17 4303 18 4324 ³
79 4313 181 4363 uanos.
210 4324 227 4374 1)
243 4325 384 4366 unvanus
400 4325 448 4368 131.
493 4324 525 4379 nJ)
542 4328 567 4365 ut
582 4325 616 4374 en
632 4324 749 4364 natm.
779 4321 804 4374 n)
820 4324 876 4363 seur
891 4324 934 4364 01.
969 4320 992 4373 ο)
1009 4323 1111 4364 cunnus
1127 4322 1174 4362 s1.

80 4369 101 4420 P)
115 4385 155 4418 nou
169 4383 231 4422 nulls
245 4385 303 4425 codd.
339 4382 363 4434 q)
378 4385 488 4425 Bruntool
504 4383 534 4425 M.
574 4382 594 4435 r)
610 4385 666 4424 deest
681 4383 724 4425 Οἳ.
760 4380 780 4434 s)
796 4385 822 4423 ut
836 4383 886 4424 Bl.
924 4380 943 4434 t)
959 4383 1078 4424 coniuncti
1093 4382 1137 4422 01.
1154 4381 1175 4422 ².

17 4431 18 4448 ¹
80 4425 100 4480 u)
113 4435 147 4476 le
159 4448 249 4488 possent
263 4454 306 4495 per
320 4443 336 4485 l.
352 4446 381 4485 tr.
397 4445 439 4486 01.
450 4446 471 4485 2.
