2934 4998
114 409 302 463 CHRONIOA
315 409 427 460 unum
441 408 685 462 conuulsum
715 409 819 461 CONT.
829 410 862 460 V.
883 409 1101 461 armatura.
1146 410 1200 461 283

72 577 180 659 fluit‘,
213 579 308 641 cumi
337 577 598 664 archiepiscopus
630 599 703 642 cum
731 575 846 641 militia
873 576 1052 642 coadunata
1081 588 1200 642 terram

72 663 204 728 comitis
218 661 404 726 luliacensis
419 661 649 747 aggrederetur
657 674 679 725 ⁰.
728 660 848 726 Contra
863 682 960 747 quem
982 660 1068 725 idem
1091 683 1199 727 comes

74 746 269 812 Inliacensis
291 754 323 810 et
345 745 477 832 quidam
503 744 628 811 nobiles
658 755 691 809 et
716 745 899 831 imperiales
928 745 1052 810 viribus
1079 747 1199 810 instau-

72 832 156 896 ratis
178 840 381 894 occurrentes
408 839 441 894 et
467 830 529 892 nisi
549 831 680 894 vincant
707 830 788 894 mori
815 829 1095 915 parvipendentes,
1124 840 1199 895 ante

77 925 222 979 castrum
236 913 419 978 Lechenicb
442 913 640 978 dimicarunt.
675 913 741 979 Ubi
756 923 831 1000 post
844 914 1032 977 acerrimam
1054 936 1198 1000 pugnarn

73 1009 112 1064 et
132 999 262 1084 longam
282 999 498 1063 resistentiam
519 999 694 1084 episeopus
717 999 853 1084 capitur,
876 1008 907 1062 et
928 998 1059 1084 quidam
1081 996 1199 1064 milites

73 1102 155 1148 cum
176 1105 224 1148 eo.
267 1084 379 1148 Preter
404 1084 639 1147 estimationem
661 1091 769 1146 autem
797 1083 831 1146 in
859 1081 942 1146 bello
969 1091 1057 1146 tanta
1078 1083 1200 1147 animo-

74 1168 174 1232 sitate
195 1168 356 1252 utrimque
380 1166 526 1230 confecto
541 1165 647 1230 nullus
668 1166 811 1230 famosus
825 1165 877 1229 vel
892 1167 1079 1252 paucissimi
1093 1165 1201 1252 plebei

72 1252 268 1316 interierunt
294 1262 401 1337 preter
419 1248 561 1315 villicum
583 1250 613 1314 A
638 1263 809 1329 uensem¹,
862 1251 896 1314 ui
925 1250 971 1315 ibi
993 1249 1079 1316 lesus
1101 1250 1199 1336 paulo

73 1344 154 1422 post
174 1333 267 1417 obiit3
290 1345 322 1400 et
335 1335 497 1419 Rutgerus
520 1272 711 1399 castellanus
733 1333 773 1398 de
785 1271 1076 1420 wolchenburgde
1091 1335 1201 1401 vulne·

75 1428 169 1483 ratus
185 1417 305 1483 ibidem
320 1429 352 1482 et
367 1427 501 1504 captus⁰
514 1428 588 1503 post
603 1440 723 1503 paucos
739 1416 806 1484 dies
822 1420 992 1504 expiravit.
1020 1419 1201 1506 Episcopus

78 1525 155 1566 cum
178 1504 377 1588 concaptivis
398 1504 432 1566 in
451 1511 555 1566 castro
570 1501 798 1568 Niedeekenfe
822 1502 967 1568 custodie
989 1504 1201 1589 mancipatur.

77 1587 155 1668 Quo
182 1588 216 1651 in
246 1587 430 1672 captivitate
457 1585 596 1667 detento,
619 1585 796 1669 conradus,
825 1587 910 1651 filius
932 1587 1145 1672 imperatoris,
1167 1610 1202 1653 se

76 1671 225 1736 habens&
253 1692 311 1757 pro
341 1694 427 1757 rege,
457 1671 622 1735 Treverim
649 1672 753 1754 venit3
785 1669 843 1735 ubi
874 1669 967 1734 multi
995 1669 1119 1735 nobiles
1147 1670 1203 1735 ad·

77 1757 209 1821 fuerunt
237 1768 268 1820 et
289 1756 412 1840 priores
435 1752 648 1820 Colonienses
670 1777 730 1841 pro
760 1756 890 1819 domino
920 1775 977 1818 suo
1008 1764 1103 1840 capto
1133 1755 1201 1821 sine

77 1840 227 1925 proiectu
262 1838 489 1926 supplicantes.
544 1839 627 1903 Nam
659 1861 719 1903 rex
751 1837 916 1924 digressus
948 1837 1106 1904 Leodium
1140 1860 1201 1925 pro

78 1923 264 1988 adiuvando
280 1922 400 1988 Ottone
415 1921 525 2004 electu,
545 1921 713 1988 Coloniam
734 1924 768 1986 in
784 1923 1031 2009 quadragesima
1045 1924 1200 2008 pervenit,
1210 1904 1277 2007 fflj

79 2009 277 2073 contendens
310 2007 487 2073 confiscare
519 2007 663 2072 redditus
695 2006 911 2093 episcopales3
949 2007 1006 2071 sed
1061 2007 1200 2072 rioribus

80 2090 327 2158 Coloniensibus
343 2100 374 2157 et
385 2090 591 2176 magnatibus
606 2101 689 2157 terre
703 2090 765 2155 hoc
779 2113 819 2156 ne
833 2091 925 2155 fieret
938 2091 1025 2177 impe
1052 2091 1200 2175 entibus,

77 2201 139 2243 rex
162 2179 267 2242 inacte
288 2175 331 2240 ad
352 2197 427 2240 suas
448 2185 556 2260 partes
569 2175 749 2240 revertitur.

167 2263 244 2347 Ipso
267 2282 350 2324 anno
371 2260 406 2322 in
426 2262 565 2323 crastino
593 2260 735 2323 omnium
763 2268 946 2323 sanctorum
972 2271 1046 2344 post
1071 2260 1202 2344 longam
1212 2287 1298 2330 noas.

80 2344 345 2412 deliberationem
372 2343 414 2407 ad
443 2342 622 2406 bonoruml¹
649 2343 899 2428 persuasionem,
920 2365 985 2408 non
1007 2354 1112 2410 tamen
1134 2345 1203 2409 sine

80 2428 183 2494 multa
196 2429 335 2515 pecunia
349 2449 409 2514 pro
424 2427 606 2525 sumptibus
620 2426 694 2493 belli
710 2426 751 2491 ab
766 2426 1007 2513 archiepiscopo
1023 2449 1062 2492 ca
1085 2429 1202 2492 tivatoi

79 2536 159 2579 acco
183 2525 225 2596 ta,
252 2534 362 2577 comes
384 2511 571 2576 Iuliacensrs
593 2511 766 2576 consultius
787 2533 807 2574 a
830 2532 886 2575 ens
907 2513 1015 2597 ipsum
1036 2451 1202 2579 absolvit&

198 2596 291 2662 odem
313 2618 397 2661 anno
420 2595 558 2660 domnus
580 2595 740 2660 Henricus
761 2533 864 2659 ΙΙΙῗ.ι
893 2596 994 2662 abbas
1016 2599 1202 2663 monasterii

78 2683 183 2746 nostri
211 2681 321 2746 Sancti
353 2677 578 2745 Panthaleonis
615 2679 703 2744 obiit.
759 2680 822 2744 Oui
882 2691 931 2745 ost
962 2680 1201 2746 altercationem

78 2766 246 2832 electionis
273 2766 308 2828 in
329 2763 492 2828 discordia
514 2762 682 2846 celebrate,
706 2764 765 2828 sed
787 2785 845 2850 per
895 2775 997 2829 atram
1019 2766 1200 2830 misericor-

79 2850 209 2913 diarum
231 2848 272 2913 ad
295 2847 500 2913 concordiam
520 2849 661 2929 reducte,
684 2848 900 2930 Hermannus,
924 2847 1071 2914 eiusdem
1093 2870 1202 2913 mona-

79 2935 172 2999 sterii
192 2932 379 3008 monachus,
401 2932 565 2996 successit.

462 3016 558 3079 Anno
580 3015 713 3079 Domini
731 3016 823 3080 1243.

164 3100 349 3166 Fridericus
371 3100 545 3185 imperator
589 3098 724 3163 uosdam
736 3100 931 3163 Faventinos
952 3099 1084 3163 iteruml
1100 3097 1201 3164 rebel-

77 3185 183 3249 lantes
198 3183 378 3250 inexilium
392 3185 505 3264 mittit,
521 3193 553 3248 et
568 3205 588 3246 a
611 3182 686 3248 inde
697 3182 884 3269 procedens,
898 3181 1012 3268 Tybur
1025 3183 1200 3266 ingressus,

78 3269 189 3417 ffisbsiiss
217 3267 264 3334 ibi
291 3266 456 3349 militibus,
489 3268 692 3353 expugnavit
712 3268 875 3331 Romanos
902 3288 1005 3352 usque
1027 3265 1069 3330 ad
1091 3276 1201 3352 portas

164 3438 228 3501 Per
261 3435 347 3502 idem
383 3445 511 3520 tempus
543 3433 662 3499 domno
699 3432 943 3520 archiepiscopo
980 3441 1109 3499 causam
1143 3456 1201 3500 sue

80 3521 279 3607 captivitatis
306 3540 413 3584 coram
441 3518 604 3604 prioribus
630 3527 662 3584 et
694 3517 778 3584 clero
807 3527 988 3603 exponente
1011 3528 1044 3583 et
1066 3540 1120 3584 eos
1142 3540 1202 3604 pro

80 3672 277 3725 sllntarfultm.
299 3672 323 3725 b)
332 3674 445 3715 deestm.
469 3672 491 3725 c)
502 3673 918 3723 aggressurumaggreniraturm.
941 3671 1201 3723 dlwolcksnbsrngs

80 3733 272 3781 Walcbsnbnrgh
288 3733 338 3775 Da.
375 3731 399 3784 s)
415 3736 438 3774 st
454 3735 535 3783 captus
551 3732 636 3773 lbidcm
653 3732 703 3772 Dr.
749 3731 927 3784 leichtccksn
944 3732 991 3773 Dl.
1038 3730 1062 3783 g)
1078 3732 1134 3771 dssss
1149 3732 1170 3770 D
1181 3733 1202 3783 2,

80 3792 119 3832 ubi
133 3802 159 3832 ss
175 3792 271 3833 adeum.
315 3790 339 3843 h)
356 3792 469 3832 honorum
485 3791 533 3834 Da.
578 3789 597 3843 1)
613 3792 706 3841 captivo
721 3791 770 3832 112.
816 3789 987 3841 k)111.121.a.
1025 3790 1043 3842 1)
1058 3791 1202 3831 Faventinus

83 3851 109 3891 in
124 3851 221 3891 exulum
236 3852 320 3890 iterum
336 3851 407 3890 missit
421 3851 471 3895 Du.

85 3965 114 4034 1)
139 3967 275 4020 Iohannes
305 3970 430 4020 scultetus
455 3964 595 4032 Aquensis,
627 3968 674 4034 qui
703 3966 733 4018 iss
765 3966 859 4017 oborta
891 3967 958 4018 anni
990 3967 1069 4030 1241,
1088 3965 1153 4018 Das.
1175 3966 1201 4016 1.

83 4040 248 4103 (Lacomblet
277 4040 318 4104 ΙΙ,
352 4041 413 4104 134,
444 4059 486 4093 or.
519 4041 584 4105 260)
617 4040 672 4091 iam
701 4056 787 4105 stupra
817 4040 941 4103 madata,
974 4047 1200 4092 commemoratur.

84 4115 163 4166 Anao
176 4113 255 4167 1243.
268 4112 480 4181 msassAuqusto
495 4113 550 4165 iem
563 4114 699 4166 Arrsoldus
713 4112 745 4164 de
757 4111 918 4164 Gimmsuich
933 4113 1057 4164 accustus
1069 4111 1202 4178 Aquensis

83 4188 240 4240 nominatur
261 4187 291 4237 ia
316 4188 411 4238 charta
435 4187 603 4253 imperatoris
627 4204 672 4253 ap.
691 4185 973 4238 Huillard-Brdlsolles
999 4185 1045 4248 VI,
1074 4185 1134 4238 110.
1168 4185 1201 4236 A.

85 4259 115 4328 2)
134 4259 180 4312 Ad
198 4263 282 4312 saltus
303 4257 512 4327 Siebscqsbirps.
537 4258 570 4314 A.
658 4261 687 4327 3)
708 4259 861 4326 Niedepqsrs
880 4257 917 4309 ad
935 4258 1006 4310 Beer
1017 4260 1128 4324 flumen.
1166 4259 1201 4310 A.

84 4333 115 4400 4)
141 4333 171 4386 V.
196 4331 357 4385 conditiones
382 4334 415 4385 ab
445 4332 639 4400 archiepiscopo
662 4350 715 4400 pro
743 4332 861 4385 libertate
889 4330 1042 4397 recipienda
1066 4330 1148 4382 initos
1171 4329 1202 4382 s'rs

85 4408 180 4458 ebone
198 4407 315 4459 eiusdem
335 4424 379 4473 ap.
397 4405 549 4459 lasomblst
567 4408 610 4473 11,
624 4424 657 4473 p.
678 4408 740 4459 139.
771 4405 806 4458 A.
