2970 4996
680 1089 799 1155 PARS
824 1088 1018 1164 QUARTA.

504 1195 724 1248 Continuata'o
745 1198 770 1249 Ι.
808 1197 971 1249 Reoerrar'o
991 1197 1017 1247 1.
1037 1195 1104 1248 cod.
1124 1193 1185 1245 M.

290 1282 540 1381 pontificemque
563 1281 823 1347 Coloniensium⁸
844 1283 886 1346 ad
907 1280 968 1346 hoo
998 1303 1079 1366 opus
1107 1278 1218 1345 utilem
1238 1278 1308 1342 fore
1331 1275 1420 1340 iudi-

291 1367 386 1430 cavit.
409 1367 474 1447 Qui
484 1367 691 1451 imperatoria
700 1364 859 1465 legatione
872 1365 1079 1431 Germaniam
1090 1385 1264 1448 regressus,
1277 1382 1417 1447 paucos,

292 1459 340 1514 set
364 1448 462 1514 fortes
484 1473 659 1536 aggregare
681 1449 798 1515 mihtes
819 1451 933 1536 potuit.

669 1532 764 1598 Anno
786 1534 920 1598 Domini
944 1533 1034 1599 1176.

375 1616 425 1679 Im
451 1625 555 1682 erator
566 1616 672 1681 natale
684 1618 818 1682 Domini
828 1619 863 1681 in
873 1616 1102 1702 Longobardia
1113 1613 1262 1680 celebrat.
1300 1611 1422 1676 Mense

292 1722 369 1766 vero
434 1702 485 1765 aio
513 1703 685 1787 episcopus
712 1700 912 1767 Coloniensis
935 1722 1009 1764 cum
1038 1699 1160 1764 delecto
1182 1697 1283 1761 milite
1313 1695 1422 1780 Alpes

293 1806 458 1871 superans,
480 1786 514 1848 in
525 1785 663 1849 confinio
676 1785 783 1849 Ticini
800 1787 845 1849 im
870 1787 987 1850 eratori
1006 1785 1153 1849 occurrit.
1204 1779 1423 1865 Longobardi

292 1879 399 1935 autem
421 1871 564 1954 ingenita
585 1868 645 1932 sibi
674 1869 786 1934 fraude
808 1808 928 1934 bellum
950 1869 1136 1955 imperatori
1156 1865 1272 1930 inferre
1299 1863 1422 1962 parati,

293 1973 403 2016 omnes
425 1955 535 2038 copias
557 1953 673 2017 virium
696 1975 825 2018 suarum
848 1974 885 2019 eo
909 1961 1145 2020 contraxerunt.
1186 1948 1230 2013 At
1245 1949 1424 2012 Thetomcr

293 2035 421 2119 milites,
443 2058 640 2122 quamquam
661 2037 738 2101 fessi
760 2037 1054 2122 transalpinassent,
1075 2045 1169 2121 turpe
1190 2031 1422 2118 Longobardis

295 2120 410 2184 cedere
444 2121 679 2204 existimantes,
716 2122 813 2186 armis
846 2131 877 2186 et
910 2122 1025 2186 animis
1057 2118 1140 2192 freti,
1200 2119 1274 2181 auci
1302 2124 1422 2180 contra

293 2202 451 2267 infinitam
473 2203 709 2269 multitudinem
730 2205 908 2289 procedunt
928 2214 960 2268 et
973 2206 1015 2269 ab
1030 2205 1109 2268 hora
1124 2203 1187 2267 die1
1202 2201 1296 2265 tertia
1310 2221 1420 2284 usque

294 2286 359 2350 fere
380 2308 499 2350 nonam
521 2288 658 2353 viriliter
678 2291 839 2354 resistunt.
883 2289 1027 2353 Victoria
1056 2300 1162 2352 tamen
1189 2283 1421 2368 Longobardis

625 2414 793 2467 Receario
813 2415 855 2466 ΙΙ.
877 2415 968 2466 codd.
987 2415 1022 2466 B.
1045 2414 1072 2466 Ο.

601 2483 675 2546 25ss
712 2481 807 2545 Anno
828 2482 984 2545 Domini⁰
1009 2483 1100 2547 1176.

378 2561 558 2649 Phylippus
582 2563 781 2629 Coloniensis
803 2565 1074 2651 archiepiscopus,
1111 2565 1162 2627 oui
1184 2563 1360 2648 imperator
1381 2558 1421 2623 id

296 2647 420 2730 negotii
440 2648 625 2711 iniunxerat
634 2649 657 2729 ἃ,
681 2646 813 2714 collecto
835 2671 919 2714 novo
942 2651 1095 2726 exercitu,
1123 2668 1197 2711 eum
1220 2643 1420 2733 quibusdam

296 2728 527 2793 Theutonieis⁰
554 2731 754 2816 principibus
776 2751 885 2819 mense
906 2733 992 2797 Maio
1022 2731 1163 2798 Ytaliam
1207 2730 1347 2810 intravit,
1377 2737 1422 2792 ‚et

296 2813 427 2876 veniens
450 2811 575 2895 Gumis,
611 2814 658 2878 ibi
680 2813 847 2899 substititf,
874 2827 910 2880 ut
929 2817 1050 2881 ibidem
1072 2815 1306 2880 coadunaretur
1327 2834 1422 2876 exer-

297 2895 379 2959 citus
402 2897 514 2959 omnis.
537 2896 636 2961 Ouius
664 2897 804 2962 adventu
832 2902 971 2984 cognite,
993 2901 1179 2985 imperator,
1201 2899 1256 2984 qui
1279 2919 1316 2961 eo
1338 2904 1421 2959 tem-

297 3000 375 3078 pore
405 2979 517 3066 Papye
542 2980 736 3064 morabatur,
759 3004 832 3047 eum
861 2985 973 3067 paucis
1002 2982 1113 3048 Cumis
1135 2984 1223 3048 venit
1244 2982 1422 3067 ipsumque

297 3085 485 3211 episcofum
501 3074 533 3130 et
548 3065 603 3151 qui
618 3063 713 3129 simul
727 3075 880 3130 venerant
894 3069 1099 3151 gratissime&
1110 3067 1259 3150 suscepit.
1291 3065 1424 3128 Interea

298 3147 406 3212 Medio
419 3170 553 3214 anenses
575 3159 607 3213 et
628 3149 831 3214 Veronenses
854 3152 1014 3238 ceterique
1037 3149 1260 3234 Longobardi,
1283 3146 1422 3212 collecto

252 3307 256 3314 ¹
299 3233 444 3297 inmenso
472 3233 625 3314 exercitu,
649 3232 762 3299 Cumis
789 3234 1103 3380 apfropinquabant,
1128 3244 1164 3299 ut
1184 3255 1304 3298 novum
1327 3253 1423 3296 exer-

299 3317 399 3381 eitum
420 3319 608 3403 tamquamh
631 3340 672 3381 ex
698 3317 810 3381 itinere
846 3331 965 3382 essum¹
987 3316 1071 3383 bello
1100 3326 1288 3403 appeterent
1310 3325 1343 3380 et
1366 3337 1423 3400 op-

299 3400 481 3498 primerent.
521 3400 638 3480 Quodl
661 3399 739 3463 dum
760 3401 945 3486 imperatori
967 3425 1025 3486 per
1047 3402 1264 3487 exploratores
1287 3399 1424 3463 certius¹

299 3485 491 3547 rnnotuisset
513 3494 585 3548 eta
606 3484 799 3568 quibusdam
822 3485 1016 3566 suaderetur,
1038 3494 1074 3549 ut
1095 3494 1202 3550 tantae
1224 3482 1423 3548 multitudini

300 3565 341 3630 ad
369 3575 497 3651 tempus
526 3565 653 3632 cederet
679 3578 712 3631 et
739 3565 822 3631 bello
849 3567 1035 3655 abstineret,
1071 3569 1239 3653 indignum
1273 3565 1424 3630 iudicans

299 3650 525 3746 imperatoriae
559 3651 720 3715 maiestati
752 3650 896 3716 hostibus
925 3663 1016 3738 terga
1043 3652 1128 3734 dare,
1168 3651 1343 3736 assumptio
1372 3650 1425 3714 his

302 3753 359 3816 qur
373 3731 413 3796 de
435 3733 564 3796 civitate
579 3744 669 3799 erant
682 3744 714 3800 et
728 3733 806 3798 hism
844 3736 964 3800 uicum
978 3735 1218 3821 archiepiscopo
1233 3743 1391 3799 venerant
1398 3747 1424 3816 ¹¹,

301 3814 446 3880 hostibus
470 3814 604 3880 viriliter
632 3819 778 3887 occurrit.
822 3757 867 3882 dt
892 3819 1099 3903 Longobardi
1126 3829 1182 3884 aut
1209 3819 1339 3883 vincere
1366 3826 1425 3882 aut

302 3899 384 3963 mori
406 3901 519 3984 parati,
546 3901 662 3986 grandi
689 3900 775 3966 fossa
802 3923 895 3965 suum
923 3905 1100 3969 exercitum
1130 3901 1423 3982 circumdederunt,

305 3991 340 4046 ut
359 4004 465 4066 nemo,
498 4006 573 4047 cum
594 3983 678 4049 bello
700 3993 876 4070 urgeretur,
908 3987 1048 4071 effugere
1076 3996 1193 4071 posset.
1238 3987 1422 4070 Pugnatum

305 4074 353 4128 est
373 4067 472 4148 igitur
492 4066 534 4131 ab
556 4068 633 4132 hora
655 4068 719 4133 diei
737 4069 837 4133 tercia
854 4091 956 4156 usque
973 4070 1181 4153 ad⁰nonam3
1203 4083 1315 4132 victoria
1332 4088 1424 4133 tamen

306 4189 329 4242 a)
346 4192 489 4233 Colonlsium
506 4192 552 4232 At.
634 4192 658 4244 b)
675 4195 711 4236 23.
728 4194 769 4234 02.
853 4195 874 4246 c)
891 4197 950 4236 dom.
966 4197 1056 4238 incarn.
1072 4197 1113 4238 01.
1189 4194 1213 4247 d)
1235 4197 1365 4237 iniunxerit
1380 4195 1422 4235 01.

306 4248 403 4299 e)Tsut.
421 4250 463 4291 01.
494 4249 686 4301 Orubsistltol.
717 4251 920 4306 g)gratantissime
937 4255 977 4296 01.
1009 4255 1034 4306 h)
1051 4254 1420 4305 summalae-exieram.

305 4305 329 4416 1))
338 4309 398 4409 3⁶⁸²,
409 4309 449 4410 0021
481 4308 505 4361 k)
516 4309 618 4358 Quot't.
649 4310 666 4362 1)
676 4321 695 4352 c.
706 4322 728 4360 p.
738 4312 808 4354 aot.
838 4310 975 4363 mlillisol.
1007 4314 1032 4366 n)
1043 4314 1421 4356 venorantrorr.advenerantol.

307 4377 320 4405 ο
358 4379 390 4408 err
453 4398 458 4412 .
