2934 4998
150 388 351 444 CHRONIOA
369 392 481 444 REGIA
502 392 754 445 COLONIENSIS.
774 393 935 445 conulv.
955 394 1081 446 Δ.1236.
1151 395 1204 446 267

164 557 273 624 Ouria
307 559 513 626 celeberrima
546 562 580 624 in
613 561 832 646 assumptione
866 561 960 627 beate
987 562 1089 627 Marie
1116 563 1203 649 apud
1214 587 1269 641 req.
1279 589 1314 632 rs.

64 643 289 728 Maguntiam
321 644 487 728 indicitur3
523 645 580 710 ubi
607 644 673 708 fere
706 644 854 709 omnibus
880 646 1080 733 principibus
1112 649 1203 732 regni

66 727 280 792 Teutonici⁸
310 729 582 811 convenientibus,
639 752 681 793 ax
711 731 842 813 iuratur,
871 741 980 794 vetera
1007 732 1078 795 iura
1108 733 1202 797 stabi-

65 811 218 896 liuntur,
240 834 322 877 nova
345 824 528 879 statuuntur
548 823 580 878 et
624 814 771 878 eutonico
794 836 940 879 sermone
962 815 995 878 in
1017 815 1203 881 membrana

67 899 208 982 scripta
232 897 380 962 omnibus
406 896 647 985 publicantur13
677 919 828 964 excessus
853 900 939 997 regis
969 909 1080 964 contra
1104 900 1204 986 impe-

65 989 227 1046 ratorem
260 984 382 1046 cunctis
414 983 611 1068 aperiuntur.
655 980 731 1047 Otto
765 983 804 1047 de
826 981 1067 1063 Lumnburchl,
1103 1006 1204 1071 nepos

67 1067 195 1150 magni
220 1065 310 1130 ducis
325 1066 471 1148 Henrici,
493 1089 594 1132 novus
618 1066 686 1130 dux
706 1074 738 1130 et
751 1069 902 1153 princeps
917 1067 1086 1151 efficitur²;
1109 1091 1205 1154 quem

68 1148 168 1214 diem
193 1151 324 1237 rogavit
343 1152 517 1236 imperator
538 1150 687 1214 omnibus
709 1151 878 1216 annalibus
892 1153 1036 1236 asscribi,
1059 1173 1096 1216 eo
1118 1153 1205 1239 quod

67 1241 154 1298 tunc
172 1235 360 1298 Romanum
378 1236 521 1302 auxisset
542 1237 714 1321 imperium
728 1258 847 1301 novum
861 1237 1040 1324 principem
1056 1237 1206 1320 creando,

70 1339 248 1383 consensu
269 1319 411 1384 omnium
436 1321 639 1406 principum⁶
666 1320 850 1385 accedente.
897 1321 974 1386 Fuit
999 1332 1105 1386 autem
1134 1321 1202 1386 dies

69 1400 130 1465 illa
146 1401 268 1488 vigilia
279 1403 493 1472 Thimotheid.
523 1405 562 1468 In
584 1404 637 1469 die
652 1403 865 1486 Thimotbeil,
889 1404 1011 1471 scilicet
1031 1407 1066 1469 in
1088 1415 1202 1471 octava
1212 1429 1315 1480 Assar.

71 1488 333 1573 assumptionis,
366 1490 541 1574 imperator
569 1489 750 1554 diademate
782 1487 942 1574 imperiali
970 1491 1140 1576 insignitus
1168 1492 1313 1559 indu-²²·

72 1570 223 1636 ccclesia
243 1573 475 1657 Magunciensi,
507 1572 574 1637 fere
600 1572 749 1638 omnibus
772 1573 973 1658 principibus
995 1575 1203 1657 astantibus0,

72 1654 195 1722 debito
225 1656 345 1721 honore
373 1657 509 1740 refulsit3
543 1668 616 1743 post
646 1657 815 1721 missarum
844 1657 1033 1745 sollempnia
1064 1659 1203 1722 invitans

73 1741 251 1827 principes
284 1763 393 1806 omnes
426 1751 458 1806 et
490 1763 616 1806 omnem
648 1743 835 1806 comitatum
865 1765 973 1808 eorum
1003 1742 1045 1806 ad
1071 1742 1203 1807 festivas

74 1823 210 1910 epulae,
244 1848 306 1911 que
338 1829 372 1890 in
404 1824 474 1890 loco
508 1827 677 1911 campestri
711 1828 835 1911 magnis
868 1827 1048 1912 sumptibus
1079 1827 1204 1891 fuerant

74 1920 269 1995 preparate.
326 1911 399 1976 Non
436 1909 534 1976 multo
572 1920 645 1997 post
676 1911 937 1998 archiepiscopus
969 1911 1201 1976 Bisentinusf·³

75 1993 172 2078 apud
196 1993 399 2078 Maguntiam
421 1994 505 2059 diem
528 1994 643 2059 clausit
664 2003 851 2059 extremum.

167 2078 321 2143 Hiisdcm
342 2079 540 2164 temporibus
561 2102 620 2144 rex
642 2079 805 2164 Ungarie⁴
827 2080 991 2144 Austriam
1014 2079 1202 2166 ingreditur,

78 2170 113 2226 et
134 2173 268 2227 vastata
293 2173 386 2245 terra,
420 2163 520 2228 multa
548 2162 636 2227 milia
663 2185 843 2228 marcarum
871 2165 1015 2229 aduce⁵
1042 2185 1100 2251 pro
1123 2186 1203 2251 pace

78 2249 221 2333 recepit.
264 2247 347 2312 Nam
374 2248 460 2312 idem
490 2248 557 2312 dux
583 2257 656 2312 ante
686 2248 747 2312 hoc
773 2257 899 2334 tempus
921 2248 1000 2314 fines
1021 2259 1204 2314 vastaverat

78 2329 336 2417 ungariorum,
358 2331 436 2396 nulli
456 2353 591 2417 parcens
614 2333 715 2410 sexui,
736 2332 815 2396 nulli
836 2333 921 2398 etati.

170 2417 212 2480 In
233 2416 314 2481 festo
337 2416 477 2480 omniurn
501 2427 682 2481 sanctorum
709 2418 883 2501 imperator
905 2426 1096 2483 conventum
1118 2419 1204 2503 prin-
1213 2442 1269 2483 uos.
1280 2443 1300 2486 1.

82 2499 200 2584 cipum
235 2500 347 2566 habuit
383 2499 470 2586 apud
501 2502 697 2586 Augustam3
735 2502 791 2567 ubi
826 2523 885 2567 rex
917 2503 1068 2567 Boemie⁶
1105 2505 1205 2586 affuit,

81 2586 249 2670 recipiens
264 2583 305 2649 ab
327 2587 519 2671 imperatore
536 2587 577 2650 10
594 2584 683 2649 milia
696 2607 876 2650 marcarum
895 2608 954 2673 pro
993 2596 1060 2651 arte
1076 2586 1205 2668 Suevie,

84 2689 149 2754 que
172 2669 243 2733 iure
262 2669 454 2734 hereditario
470 2691 561 2733 suam
576 2682 729 2734 uxorem*
745 2671 888 2756 contigit.
930 2609 1011 2736 Inie
1032 2673 1206 2770 imperator

84 2773 118 2816 sc
142 2752 280 2818 contulit
301 2754 342 2818 ad
365 2775 406 2840 op
431 2754 520 2818 idum
544 2753 777 2838 Haginhowel,
798 2757 832 2818 in
855 2777 917 2841 quo
939 2756 1111 2840 hyemavrt.
1154 2756 1206 2820 Ibi

84 2836 251 2901 affuerunt
272 2859 378 2902 comes
401 2777 608 2904 lollosanus⁸
638 2849 670 2904 et
699 2861 807 2903 comes
828 2840 1030 2907 Provincie0.
1072 2840 1207 2926 Recepit

84 2931 197 2986 autem
220 2943 326 2987 comes
348 2922 538 2988 Tollosanus
559 2924 713 2987 marciam
728 2924 912 2988 Provinciei
934 2923 975 2988 ab
1003 2925 1208 3010 imperatore,

84 3001 278 3090 homagium
299 3007 361 3072 sibi
383 3018 536 3093 prestans.
582 3006 698 3072 (lomes
730 3016 838 3072 autem
860 3008 1028 3072 Provincia
1052 3011 1205 3108 quinqua

86 3093 241 3174 ganarius
262 3091 335 3156 ideo
357 3100 433 3156 tunc
447 3094 588 3178 primum
603 3092 644 3157 ab
659 3093 851 3177 imperatore
873 3092 915 3156 ad
929 3091 1066 3178 gradum
1087 3092 1206 3157 mihcie

87 3178 157 3240 estk
181 3187 362 3274 provectus,
395 3178 471 3262 quia
492 3177 624 3242 comites
647 3199 702 3240 sue
725 3174 891 3324 parentele
918 3198 952 3240 se
980 3197 1045 3240 non
1071 3176 1208 3241 credunt

88 3257 146 3323 diu
180 3283 275 3347 posse
307 3282 432 3344 vlvere,
465 3270 634 3347 postquam
665 3282 724 3344 gra
747 3281 802 3323 um
831 3259 948 3324 milicie
980 3270 1055 3325 sunt
1086 3261 1147 3325 ade
1170 3263 1204 3332 ti.

88 3341 158 3408 Nec
180 3344 287 3409 adhuc
308 3344 398 3410 miles
419 3345 523 3410 factus
537 3355 628 3425 esset,
651 3345 713 3408 nisi
735 3367 794 3408 rex
807 3344 944 3408 Francia
959 3354 992 3409 ct
1004 3367 1063 3410 rex
1078 3283 1206 3429 Anglie,

90 3449 228 3514 quonum
249 3438 383 3514 uterquc
405 3451 496 3494 suam
518 3428 656 3494 duxerat
676 3427 774 3493 filiam
800 3430 835 3492 in
863 3451 1007 3512 uxorem,
1035 3430 1142 3514 ipsum
1164 3429 1206 3494 ad

90 3512 151 3579 hoc
185 3536 281 3601 prece
314 3513 503 3579 multimoda
535 3512 781 3601 compulissent,
816 3513 985 3599 indignum
1020 3522 1206 3600 reputantes

92 3710 115 3764 a)
131 3715 215 3758 Theut.
232 3717 276 3756 01.
366 3711 391 3765 b)
408 3715 539 3755 Lunlberch
561 3726 618 3757 corr.
634 3715 784 3756 Lunlnborch
800 3716 851 3766 023
867 3715 978 3764 Limburg
994 3717 1038 3756 01.
1129 3713 1150 3764 c)
1167 3725 1206 3755 um

92 3781 176 3814 acorr.
194 3776 243 3816 Bl.
303 3773 411 3826 d)¹1'ym.
428 3774 469 3814 01.
536 3771 559 3826 c)
576 3775 704 3815 astantibus
726 3796 752 3805 -
774 3775 914 3824 sollempnia
934 3775 958 3814 in
977 3785 1059 3814 rasura
1081 3774 1167 3824 scripsit
1187 3779 1207 3814 ct

91 3830 166 3873 delude
183 3835 266 3884 per-pit:
297 3835 327 3874 ed
349 3833 444 3874 festivas
467 3833 548 3883 epulas
575 3833 647 3886 (craso
668 3831 816 3884 sollempnla)
833 3835 880 3875 lnv.
903 3834 932 3874 sd
951 3835 967 3874 f.
989 3845 1026 3883 ep.
1047 3832 1141 3884 aterum)
1164 3833 1207 3875 02.

93 3887 266 3943 QBisentlnus,
286 3897 337 3943 poet
355 3905 413 3933 corr.
428 3894 565 3940 Bisontinus
580 3894 627 3943 023
647 3895 787 3945 Byscntlnus
803 3895 846 3934 01.
928 3891 952 3944 g)
968 3893 1114 3941 Unger-orum
1131 3893 1206 3934 Um.

94 3948 118 4001 h)
133 3953 262 4002 Haginowe
279 3954 321 3994 01.
331 3953 351 3993 2.
390 3950 408 4003 i)
424 3952 571 3992 Provinciam
587 3964 644 3993 eras.
661 3964 699 3992 am
714 3953 734 3992 Β
744 3955 770 4001 1;
785 3953 895 3993 Provinci
911 3952 953 3997 01.
961 3953 981 3994 2.
1020 3949 1045 4001 k)
1061 3952 1117 3991 deest
1133 3950 1175 3994 01.
1185 3953 1206 3993 2.

99 4129 125 4198 l)
139 4130 179 4199 CJ.
192 4129 250 4182 LL.
266 4130 309 4193 ΙΙ,
317 4147 349 4196 p.
364 4131 417 4180 312
424 4149 434 4193 ,·
452 4130 569 4193 Belcae,
584 4130 658 4183 Nece
672 4127 867 4182 constitutiones
871 4145 902 4194 p.
913 4137 948 4180 rx
958 4145 1012 4193 sqq.
1051 4126 1080 4189 2)
1092 4126 1151 4181 LL.
1163 4129 1208 4194 II,

93 4220 121 4269 p.
135 4206 197 4256 318.
255 4201 284 4268 3)
304 4203 442 4256 Nicolaus.
498 4201 528 4270 4)
547 4204 616 4256 Bclu
626 4204 645 4254 I
649 4204 679 4258 V.
735 4205 764 4270 5)
777 4201 924 4254 Faueria.
982 4202 1012 4267 6)
1030 4201 1206 4255 Wcucealauc.

97 4277 334 4420 gwileppipzppam,
347 4278 436 4345 filiam
448 4277 568 4347 Philippi
581 4279 660 4347 repis.
716 4275 744 4342 8)
757 4276 936 4328 Raimumlus.
993 4275 1022 4342 9)
1036 4275 1207 4328 Raimrutdus
