2934 4998
284 415 337 465 ³10
404 414 582 467 CHRONIOI
601 414 764 465 BHYTHM.
785 413 1027 466 COLONIENSIS
1047 412 1278 466 FRAGMENTA.

438 579 512 644 Non
532 579 594 645 sibi
612 580 789 646 vindictam
805 580 960 682 Sapieps¹
984 581 1078 666 capit,
1100 581 1200 643 immo
1223 578 1370 644 relictam

437 664 602 729 iusticiam
646 687 768 748 uerens,
791 675 912 731 ut1ur1
934 687 1061 750 semper
1082 663 1249 728 adherens.

400 763 416 812 o
439 748 562 814 Concio
584 771 622 814 co
648 750 754 835 'gitur,
777 750 891 814 domus
914 759 946 814 et
968 751 1146 813 communis
1168 748 1286 830 aditur,

438 833 584 898 Prudens
605 834 749 917 auditur3
770 834 877 934 lepido
899 855 1044 899 sermone
1066 832 1196 920 potitur,

442 915 538 982 Cives
559 916 746 1005 alloquitur3
767 920 883 984 inmria
904 939 982 982 mox
1003 919 1154 1003 aperitur.

438 1000 598 1088 Displicet
618 1002 676 1067 hec
698 1004 798 1088 igitur
819 1003 959 1084 cunctis3
982 1024 1041 1088 pro
1063 1022 1144 1088 pace
1166 1000 1292 1067 subitur

438 1084 616 1150 Consilium
635 1085 708 1168 tale,
730 1087 834 1152 scelus
855 1097 892 1152 ut
911 1095 984 1152 ruat
1005 1085 1150 1166 exiciale,

383 1183 417 1232 10
440 1167 600 1236 Omnibus
622 1170 734 1257 equale
756 1181 865 1270 pateat
885 1172 936 1236 ius
956 1169 1132 1256 imperiale,

437 1253 533 1334 Quod
554 1257 674 1340 pariter
695 1277 768 1341 pun
789 1257 896 1320 iurant
917 1257 1064 1320 assistere
1086 1255 1159 1336 iuri,

437 1337 511 1402 Hoc
533 1337 702 1415 defensuri,
725 1340 811 1426 quod
834 1341 897 1404 sint
918 1338 969 1403 vel
991 1337 1032 1402 cb
1055 1337 1088 1402 id
1110 1338 1268 1402 morituri.

437 1423 512 1487 Istis
535 1424 672 1487 confisus
696 1424 843 1510 Sapiens,
864 1425 915 1487 ius
938 1445 1062 1488 sumere
1084 1423 1183 1502 nisus,

438 1505 549 1571 Credit
569 1508 674 1572 inesse
695 1507 793 1572 fidem
814 1507 956 1594 reliquis,
979 1529 1076 1593 quam
1098 1508 1236 1572 sustinet
1256 1505 1356 1572 idem.

383 1603 416 1652 15
439 1589 597 1655 Constans
619 1593 826 1678 prosequitur
847 1593 913 1674 ius;
937 1592 1121 1678 oppositum
1143 1593 1311 1678 reperitur.

436 1674 520 1739 Nam
542 1674 620 1739 dum
641 1674 744 1740 finalis
765 1675 876 1742 aderat
895 1674 953 1740 lux
973 1673 1132 1739 iudicialis

435 1758 485 1824 Ac
507 1759 707 1845 expectanda
727 1760 831 1825 fuerat
852 1762 1009 1826 sententia
1030 1758 1148 1840 danda,

434 1843 514 1906 Pars
533 1866 590 1908 rea
610 1843 716 1909 diffisa
738 1844 778 1910 de
799 1846 869 1910 iure
890 1843 1027 1930 doloque
1049 1845 1163 1926 renisa,

435 1928 544 1991 Armis
566 1929 698 2010 munita,
719 1927 805 2010 latet,
828 1939 860 1993 et
881 1929 1009 1992 racione
1031 1929 1144 2013 sopita,

380 2025 414 2074 20
436 2010 482 2076 Ut
502 2021 596 2076 necet
616 2022 750 2094 actores,
773 2014 903 2098 sategit3
928 2034 986 2098 pro
1009 2014 1078 2076 iure
1099 2011 1222 2077 furores

434 2095 521 2177 Fert,
544 2105 654 2160 contra
675 2118 779 2162 mores
802 2098 934 2182 cupiens
956 2119 1075 2181 augere
1096 2095 1233 2179 dolores,

434 2178 507 2243 Non
528 2179 709 2264 emendare,
731 2180 788 2246 sed
809 2202 910 2268 prava
930 2180 1024 2244 malis
1048 2179 1221 2244 cumulare.

434 2262 568 2327 Nostros
589 2265 725 2330 maiores
748 2288 782 2329 se
803 2266 925 2329 viribus
946 2265 1110 2330 inferiores

435 2346 555 2426 Gemit,
571 2347 683 2413 obesse
698 2348 779 2413 dolis
794 2348 910 2430 studet,
925 2349 986 2413 hiis
1023 2371 1129 2435 uoque
1143 2348 1273 2414 vincere
1288 2347 1366 2413 solis

378 2445 413 2494 ao
437 2430 460 2496 S
485 2441 562 2513 eret,
585 2433 613 2495 si
634 2435 734 2519 capiti
755 2433 809 2498 det
830 2444 975 2513 mortem,
997 2371 1060 2498 llne
1082 2433 1177 2520 periti

468 2536 507 2580 oc
550 2538 630 2581 enus
653 2519 833 2603 opprimere
854 2541 914 2583 nec
936 2518 1087 2583 ulteriora
1108 2519 1230 2582 timere.

434 2599 501 2665 Sed
556 2623 613 2665 eus
634 2600 693 2666 hec
715 2601 807 2666 aliter
828 2602 877 2666 dis
903 2601 970 2667 onit
991 2611 1022 2667 et
1043 2602 1177 2683 ordinat,
1199 2602 1261 2666 iter

431 2684 495 2748 Per
515 2683 600 2748 mala
621 2685 726 2750 dando
748 2687 852 2770 bonis,
872 2625 970 2751 llutos
992 2684 1123 2750 ditando
1147 2687 1284 2750 coronis.

473 2802 548 2868 Heu
570 2805 691 2870 scelus!
719 2805 868 2892 exemplo
890 2805 975 2871 mala
996 2828 1057 2888 res,
1079 2807 1197 2870 iniuria
1218 2806 1339 2894 templo

375 2901 410 2949 30
432 2887 521 2952 Petri
542 2889 587 2970 fit,
611 2889 739 2975 quando
761 2913 840 2976 gens
862 2912 952 2954 arma
973 2913 1087 2976 gerens
1110 2889 1300 2956 stabulando
1464 2955 1465 2962 ,

429 2971 531 3036 Intrat
552 2995 650 3060 equos
672 2973 731 3039 ede
752 2996 858 3056 saora3
881 2975 1024 3061 patracio
1047 2974 1125 3039 cede
1463 2993 1465 3052 l

429 3055 483 3119 Ex
504 3055 566 3122 hoc
587 3059 743 3144 procedit,
765 3060 871 3123 anime
893 3081 956 3145 quo
979 3059 1046 3123 vita
1067 3058 1194 3125 resedit.

431 3139 506 3204 Heu
521 3139 641 3206 scelus!
664 3142 717 3206 hic
755 3145 822 3207 acis
841 3142 931 3208 locus
947 3153 995 3208 est
1009 3143 1164 3229 spelunca
1177 3146 1316 3230 rapacis,

428 3223 518 3289 Dum
531 3225 705 3290 furibunda
719 3165 852 3291 olorum
867 3226 958 3313 plebs
973 3227 1084 3327 implet
1099 3229 1338 3293 canonicorum.

374 3321 409 3370 35
431 3307 485 3372 Fit
506 3309 592 3373 cirea
612 3322 745 3396 regum²
766 3313 894 3376 tumbas
916 3310 1074 3376 violacro²
1095 3311 1212 3397 legum,

429 3392 493 3455 Pro
515 3394 599 3458 votis
621 3396 717 3459 castis
740 3395 882 3460 effractio
904 3395 967 3460 lam
992 3396 1060 3460 adis
1082 3395 1191 3460 hastis.

428 3475 502 3540 Heu
524 3477 642 3541 scelus!
664 3479 699 3541 in
720 3480 788 3544 iure
809 3478 847 3544 fit
868 3481 946 3544 iuris
967 3418 1056 3560 ldsio,
1078 3479 1157 3544 dure

428 3559 553 3624 Instant
573 3583 731 3646 pressure,
752 3562 830 3627 dum
851 3562 905 3629 lex
926 3587 991 3629 non
1012 3574 1060 3628 est
1082 3562 1145 3628 sibi
1167 3586 1259 3649 oure3

427 3642 483 3707 Ius
504 3644 559 3709 ubi
580 3647 639 3710 rite
662 3645 764 3730 datur,
785 3650 997 3734 transgressio
1022 3647 1273 3734 predominatur,

373 3741 409 3789 40
430 3727 475 3792 Et
495 3749 562 3814 pax
583 3730 739 3814 turbatur,
763 3733 845 3830 [nec]
868 3734 918 3796 ius
940 3734 974 3796 in
995 3755 1076 3819 pace
1098 3743 1240 3819 paratur,

430 3810 495 3877 Sed
516 3816 717 3897 premunitus
739 3813 885 3881 discessit
907 3818 975 3882 iure
998 3818 1119 3904 peritus

430 4027 594 4048 ......
618 3981 800 4071 [Hlemicus
822 3982 867 4047 ibi
889 3985 985 4050 frater
1007 4008 1062 4050 seu
1084 3985 1297 4052 Ludcwicus³

429 4113 625 4135 .......
649 4077 735 4131 ctore
759 4078 895 4154 cognato
917 4070 1015 4135 iurisb
1039 4079 1070 4135 et
1092 4069 1168 4136 hore

279 4221 306 4274 a)
322 4234 333 4264 s
347 4235 404 4267 corr.
421 4237 438 4268 c.
499 4227 524 4281 b)
539 4230 572 4268 oet
587 4230 655 4270 ruris·

279 4341 311 4404 1)
329 4341 372 4394 De
400 4342 557 4398 Theoderico
586 4345 714 4413 Sapicate
743 4365 826 4400 sermo
855 4367 910 4402 csse
939 4351 1053 4404 uidetur.
1131 4354 1160 4420 2)
1185 4353 1275 4406 Prima
1307 4372 1393 4424 repam

280 4412 416 4467 Coloniam
435 4419 635 4471 translatorum.
710 4422 740 4488 3)
750 4421 816 4472 Filii
834 4431 864 4473 ut
876 4424 1003 4477 videatur
1016 4427 1171 4480 Hermaoar'
1187 4427 1329 4495 Sapientis.
1358 4431 1392 4483 D.
