2942 4998
343 410 532 464 CHRONIOA
544 412 657 464 REGIA
671 412 923 465 COLONIENSIS.
1140 414 1191 465 XV

68 581 153 644 Inde
176 579 420 644 abHeinriciI.
442 603 516 644 ocro
537 589 689 664 tempore,
712 604 775 667 quo
796 603 882 646 nova
904 583 1004 668 quasi
1017 583 1190 648 chronicae

62 687 154 749 pars
186 665 317 749 incipit,
351 662 421 728 alia
453 673 500 729 est
522 665 640 729 harum
668 667 893 730 recensionum
920 667 1024 747 ratio;
1053 689 1132 731 num
1153 690 1189 734 eo

62 751 266 833 praesertim
287 747 453 832 dsffmunt,
475 749 564 834 quod
583 751 619 813 in
646 747 700 814 01
729 750 845 814 desunt
867 773 1084 835 quaecumque
1098 753 1131 816 B
1148 775 1189 816 en

68 833 224 899 Historia
238 831 727 898 monasteriiBrunvillarensis
741 835 879 920 recepit;
896 845 1072 919 praeterea
1087 839 1189 902 annis

70 917 165 982 1096.
181 940 248 1004 sqq.
269 916 431 982 nonnulla
453 920 655 1000 omittuntur,
679 917 750 983 aliu
772 919 839 984 alio
861 920 977 984 ordine
997 921 1188 1004 traduntur,

61 1024 184 1086 pauca
211 1003 308 1066 etiam
335 1002 516 1084 adduntur,
545 1025 586 1067 eu
613 1003 728 1068 iisdem
745 1001 901 1086 fontibus
930 1005 1050 1068 haustu
1072 1006 1188 1091 quibus

65 1089 169 1152 etiam
195 1087 340 1150 rebensio
362 1088 484 1152 codicis
504 1087 537 1150 B
558 1110 623 1152 usa
643 1096 698 1151 est.
744 1085 851 1162 Quam
879 1089 941 1153 hac
958 1097 1058 1174 parte
1079 1111 1187 1154 recen·

66 1173 183 1236 tiorem
204 1192 280 1252 esse,
302 1193 369 1235 non
388 1193 564 1255 possumus
586 1173 667 1256 quin
688 1181 882 1236 statuamus.
931 1171 1023 1247 Quae
1045 1197 1118 1238 cum
1139 1176 1188 1239 ita

65 1257 148 1336 sint,
174 1254 220 1321 01
242 1265 272 1320 et
292 1255 347 1319 Bl
373 1277 413 1319 eoo
434 1257 604 1320 vetustiori
629 1256 811 1342 exemplari
837 1259 935 1321 sumti
961 1260 1028 1322 sint
1054 1267 1187 1342 oportet,

65 1343 118 1405 ita
155 1341 285 1426 quidem
320 1348 357 1404 ut
394 1339 445 1406 01
481 1363 582 1440 usque
619 1341 665 1405 ad
701 1364 733 1404 a.
769 1340 842 1404 919.
878 1364 995 1406 novam
1027 1343 1188 1426 praebeat

64 1425 297 1506 recensionem,
324 1433 443 1509 postea
470 1446 579 1488 versus
628 1449 706 1489 uam
726 1425 784 1488 Bl
816 1447 900 1509 opus
926 1428 965 1491 in
992 1429 1187 1492 monasterio

67 1509 107 1578 S.
128 1509 342 1574 Pantaleonis
365 1508 546 1594 confectum
567 1449 725 1590 exhibeat,
748 1510 834 1595 quod
861 1511 940 1576 inde
969 1511 1010 1575 ab
1040 1535 1071 1576 a.
1095 1511 1186 1576 1162.

65 1596 168 1659 etiam
193 1593 242 1660 C2
259 1593 433 1678 praetulit.

154 1679 271 1742 Fontes
297 1699 371 1742 uero
398 1700 478 1763 quos
511 1682 581 1742 iam
608 1679 646 1741 in
670 1678 785 1763 primu
809 1680 996 1744 recensione
1022 1679 1186 1745 adhibitos

66 1763 216 1827 uidemus
226 1774 248 1844 ¹,
275 1772 408 1846 praeter
424 1762 670 1844 Ehheharclum,
703 1784 744 1826 eoo
765 1784 829 1846 quo
851 1785 950 1847 quam
968 1763 1119 1849 plurimu
1141 1764 1187 1828 uel

67 1846 201 1911 verbum
217 1856 332 1910 auctor
353 1849 523 1926 retinuit²,
545 1848 580 1912 hi
602 1855 696 1912 sunt:
723 1847 872 1926 Orosius,
887 1847 1046 1928 Iustinus,
1062 1848 1184 1912 Metho-

67 1932 157 2013 dius,
192 1931 289 1994 Beda
324 1931 363 1995 ele
399 1931 595 2016 temporibus
603 1942 627 2012 ³,
663 1940 730 1995 tam
765 1930 867 1995 Pauli
898 1954 997 2017 quam
1031 1931 1186 2014 Landolfi

67 2016 212 2080 historia
230 2017 395 2096 Romana,
416 2017 465 2080 ne
495 2017 556 2097 'no,
577 2016 659 2080 liber
680 2016 720 2080 cle
741 2014 913 2080 miraculis
933 2015 1065 2098 mundi,
1084 2015 1185 2081 Gesta

65 2123 184 2186 requm
193 2101 399 2164 Francorum
406 2109 429 2180 ⁴,
459 2109 544 2165 resta
560 2101 778 2180 Treuerorum,
795 2099 974 2248 οαέαίῑιὲπε
992 2100 1185 2186 pontificum

66 2185 306 2265 Romanorum,
348 2183 437 2248 Vitae
469 2184 609 2266 Hilarii,
643 2184 798 2265 Seruatii,
830 2183 880 2247 Lo
933 2185 1003 2264 erti,
1037 2185 1186 2250 Annales

67 2269 105 2334 S.
127 2268 283 2349 Albanit,
305 2267 456 2353 fortasse
477 2271 575 2334 etium
597 2268 920 2334 Bronvtnerenuen
968 2269 1019 2333 De
1048 2269 1185 2335 Colonia

66 2355 202 2439 eiusque
222 2352 435 2438 pontificibus
459 2377 577 2440 pauca
603 2362 730 2418 tantum
751 2361 913 2437 comperta
935 2352 1050 2418 habuit
1071 2364 1186 2418 auctor

67 2459 171 2522 caque
195 2440 324 2522 partim
343 2436 538 2521 fabulosa&
581 2438 697 2502 Postea
724 2438 862 2518 demum,
889 2446 926 2501 ut
946 2438 1085 2520 uidetur,
1118 2441 1185 2503 siue

66 2544 141 2608 epse
164 2523 231 2586 sioe
252 2520 341 2586 alius
364 2521 507 2669 {uidam
529 2522 712 2587 Historiam
733 2521 1038 2587 Brunvillurensem
1059 2532 1186 2603 nactus,

68 2628 109 2669 cu
142 2627 183 2670 ea
214 2606 338 2670 saeculi
436 2615 465 2670 et
490 2607 547 2670 XI.
580 2607 753 2672 historiam
785 2629 838 2670 om
863 2604 967 2670 liuoit.
1024 2606 1085 2670 Ubi
1110 2629 1185 2672 uero

72 2687 275 2756 Coloniensis
309 2689 363 2754 ilhe
389 2691 621 2755 Eleleeharclum
655 2713 695 2754 eu
722 2689 824 2754 Anno
838 2690 910 2755 ibus
938 2689 1185 2755 Paderbornen·

69 2774 164 2839 sibus
185 2775 448 2839 continuandum
468 2777 620 2861 suscepit,
642 2775 761 2840 Sancti
771 2773 985 2839 Pantaleonis
1006 2776 1185 2840 monachus

59 2881 185 2943 ,presso
201 2861 287 2943 pede
308 2861 379 2924 eius
392 2861 533 2945 oestiyia
554 2868 683 2924 secutus
704 2868 760 2941 est,
778 2859 971 2944 plerumque
992 2860 1069 2944 ipsa
1086 2859 1185 2923 uerba

68 2945 223 3026 retinens,
252 2944 309 3008 seol
330 2943 511 3030 lonyiorem
537 2945 764 3009 narrationem
785 2943 991 3024 abbrevians,
1014 2944 1186 3029 aliquoties

71 3177 98 3241 1)
117 3179 154 3230 K.
174 3179 252 3232 Perti
277 3181 422 3246 complures
446 3187 571 3244 recenset,
599 3197 711 3246 quorum
741 3178 853 3248 omnnio
870 3181 981 3246 fnestra
1005 3178 1184 3245 quaesiverim

69 3250 135 3304 alios
149 3254 338 3318 praetermisit.
381 3253 411 3308 V.
422 3251 460 3306 Ol.
472 3254 576 3305 Krusch
594 3255 693 3306 sollerti
716 3270 798 3320 opera
821 3253 887 3305 haec
905 3251 1069 3306 examinavit
1087 3262 1112 3305 et
1130 3252 1185 3304 sin-

67 3327 143 3393 yulos
163 3328 240 3392 locos,
265 3334 395 3393 quantum
412 3328 477 3394 fieri
496 3328 595 3393 potuit,
621 3329 657 3379 au
681 3344 758 3380 ueros
774 3327 866 3391 fontes
890 3324 1007 3378 reduxit.
1044 3325 1185 3378 Lehmann

65 3417 95 3464 p.
116 3401 150 3450 17
169 3418 197 3452 n.
217 3401 359 3453 honorem
378 3402 505 3452 intactam
528 3400 642 3466 reliquit,
671 3399 791 3467 quamuis
816 3400 891 3466 apud
909 3399 1059 3450 Eccarelum
1074 3400 1185 3465 plenum

68 3473 155 3538 operis
169 3481 283 3527 tenorem
293 3475 377 3542 le9erc
385 3476 524 3540 potuisset.
577 3474 608 3540 2)
622 3474 691 3526 Inde
700 3490 815 3526 errorem
823 3485 917 3523 natum
929 3488 993 3537 esse,
1007 3473 1077 3538 quod
1091 3481 1185 3525 oucmr

65 3547 172 3612 primos
185 3549 275 3615 partis
295 3549 328 3599 ab
347 3548 469 3600 Eccorclo
489 3548 575 3600 editoe
594 3548 697 3600 saeculo
711 3547 762 3600 XI.
781 3563 823 3599 eu.
842 3547 885 3598 ael
896 3545 964 3597 XII.
983 3543 1184 3612 inscripserit,

69 3619 134 3672 satis
152 3629 245 3674 notam
263 3627 317 3685 θείς
337 3623 371 3687 ef.
387 3622 486 3674 ‘Arch'
505 3621 568 3686 VII,
584 3640 615 3687 p.
637 3622 699 3674 644.
774 3622 804 3686 3)
824 3618 946 3672 Chronici
965 3620 998 3672 cle
1018 3621 1034 3669 6
1054 3620 1185 3672 aetatibus

68 3694 163 3746 mantii
181 3701 253 3748 certa
270 3695 382 3762 oestiyia
399 3696 478 3747 nullo
494 3695 597 3761 reperi·
616 3712 700 3761 neque
712 3692 822 3747 Isidori.
860 3692 1050 3746 Selenuntes
1069 3695 1185 3761 quodam

67 3783 133 3819 usus
148 3774 187 3820 est
206 3786 239 3821 eu
254 3767 416 3836 ffieronymo
434 3767 564 3833 hemiolo,
583 3769 630 3820 secl
648 3767 768 3829 (liberm,-
787 3769 822 3834 ef.
840 3785 861 3819 e.
880 3786 921 3836 or.
935 3770 1095 3830 Erictonius,
1114 3768 1184 3819 filius

5 3859 6 3868 ¹
67 3841 193 3902 Vulcani,
213 3859 317 3894 currum
336 3851 363 3893 st
380 3843 486 3894 Troilus
505 3845 605 3910 primus
624 3843 785 3910 quadrigam
803 3843 921 3893 iunxisse
939 3842 1067 3905 feruntur,
1086 3849 1110 3894 et
1129 3841 1186 3892 alio

66 3914 207 3967 ciusrnodi.
281 3915 310 3984 4)
329 3916 446 3968 Exstant
464 3917 493 3968 in
511 3915 599 3968 cortice
618 3917 680 3968 olim
698 3914 792 3967 Sorteti
809 3913 991 3979 Parualeonis,
1014 3931 1086 3966 neme
1105 3914 1185 3966 Ouel-

5 4033 7 4040 .
59 3989 207 4055 scrbytano
234 3989 305 4041 inter
325 3989 463 4042 (ludiones
487 4007 530 4042 nr.
560 3991 620 4054 131,
643 3989 697 4056 sol.
719 3989 857 4052 87-112‚
887 4005 970 4039 manu
996 4004 1017 4040 s.
1036 3987 1072 4039 X.
1100 3987 1185 4039 nitide

6 4057 8 4118 Ξ
67 4061 176 4128 scriptm
251 4064 281 4130 b)
305 4063 336 4114 V.
353 4061 494 4115 Lehmann
516 4081 547 4130 p.
577 4064 612 4112 20
637 4080 702 4129 sqq„
728 4062 776 4128 qni
800 4063 919 4113 Annales
943 4060 1184 4114 Hildesheimenses

6 4137 12 4226 Ξ
67 4135 240 4204 comparauit,
251 4134 551 4202 Scheffer-Boiehorstp.
563 4137 614 4197 21,·
627 4135 843 4200 Schum,‘Iahrb.
857 4135 884 4187 cl.
892 4132 1185 4187 StAlbans-Klasters'

7 4235 8 4260 t
63 4227 94 4275 p.
114 4210 149 4258 98
169 4227 226 4276 sqq.
300 4211 329 4277 6)
349 4228 375 4264 a.
396 4211 477 4263 10⁶4.
514 4209 557 4262 De
576 4208 638 4260 aliis
657 4207 737 4261 etiam
761 4209 848 4260 minus
875 4214 986 4261 constat.
1025 4207 1080 4260 Sed
1097 4206 1185 4259 nescio

67 4299 115 4333 eur
136 4283 278 4336 Lehmann
294 4302 325 4350 p.
347 4286 389 4335 19.
412 4301 467 4335 rem
491 4282 521 4335 in
539 4283 650 4335 dubium
672 4299 767 4336 uocare
791 4282 912 4336 uoluerit.
1015 4283 1043 4348 7)
1072 4299 1097 4332 a.
1122 4281 1184 4344 716,

8 4360 17 4384 ’
63 4374 92 4421 p.
111 4357 155 4409 14.
178 4358 213 4410 de
230 4355 369 4426 Aqilohsho
395 4359 522 4424 episcopo,
546 4374 614 4423 quae
639 4374 698 4408 cum
717 4357 779 4407 Vita
796 4373 819 4408 s.
840 4355 891 4408 XI.
913 4355 1014 4422 scripto
1038 4373 1092 4407 non
1101 4357 1185 4422 plane

69 4432 237 4485 conueniunt.
