2934 4998
134 405 323 458 OHRONIOA
342 405 455 456 anem
477 404 728 459 COLONIENSIS.
749 404 853 458 ΟΟΝΤ.
863 404 916 456 111.
926 405 959 456 Δ.
974 405 1051 456 1218.
1101 406 1158 455 245

437 577 599 632 Berensis
620 578 644 631 I.
666 587 693 630 et
712 579 753 630 ΙΙ.

36 663 268 749 Arragonensi,
297 663 436 750 quedam
464 664 551 750 apud
578 663 761 748 Marsiliam,
791 665 930 750 quedam
956 673 1160 728 transeuntes

35 749 119 812 inter
142 748 225 812 duas
246 747 377 829 insulas,
400 747 587 813 Sardeniam
615 747 734 813 scilicet
755 757 787 812 et
808 747 981 829 Corsicam,
1002 770 1157 833 pervene-

37 841 113 896 runt
135 833 181 896 ad
201 832 335 896 Ianuam
358 833 424 896 sive
446 834 555 898 Pisam
577 834 644 897 sive
665 833 855 898 Messanam.
898 832 1046 898 Messana
1066 832 1155 897 nobi-

35 914 159 980 lissima
189 915 372 1002 metropolis
402 918 508 982 estin
536 916 662 999 Sicilia;
683 916 847 981 habundat
875 917 960 980 enim
985 917 1156 998 frumento,

38 1000 105 1064 oleo
130 1011 165 1066 et
187 1001 271 1064 vino.
314 1001 358 1065 Et
372 1002 418 1065 sio
434 1003 612 1066 successive
626 1001 883 1082 transfretabant,
898 1011 930 1066 et
943 1011 1156 1086 pervenerunt

36 1107 139 1171 usque
153 1085 258 1149 Acon.
290 1085 341 1150 Ibi
362 1085 483 1170 placuit
503 1087 713 1171 patriarchae,
728 1087 807 1170 regi,
822 1086 992 1172 episcopis,
1007 1084 1155 1166 ducibus,

38 1167 276 1255 Hospitalariis,
298 1168 488 1255 Templariis
511 1171 686 1256 ceterisque
709 1170 937 1254 crucesignatis
963 1171 1093 1254 navigio
1120 1172 1155 1233 in

38 1253 109 1338 Egy
135 1264 206 1318 tum
221 1252 416 1318 descendere
431 1262 462 1317 et
482 1254 684 1317 inimicorum
707 1261 835 1318 sanctae
857 1255 958 1317 crucis
979 1255 1155 1338 potentiam

38 1359 56 1401 a
104 1338 215 1401 'dante
238 1339 310 1402 Deo
332 1347 504 1401 conterere.
537 1351 614 1401 Unde
637 1351 742 1413 accidit,
764 1355 795 1400 ut
816 1352 844 1399 in
866 1352 1022 1401 ascensione
1036 1352 1153 1422 Domini,
1166 1348 1219 1390 ⁰²⁴⁹·

40 1445 95 1480 cum
127 1429 225 1480 classis
255 1430 428 1494 congregatio
453 1429 525 1494 apud
551 1429 700 1495 predictum
730 1436 844 1479 castrum
872 1429 975 1479 indicta
1003 1430 1097 1481 ruisset
1128 1407 1263 1482 etmi‘ffi'

39 1504 152 1552 maiores
175 1502 245 1552 diem
266 1509 293 1552 et
311 1501 399 1552 locum
419 1501 600 1566 observarent,
620 1502 713 1553 classis
732 1503 792 1568 ipsa
812 1502 917 1553 Christo
937 1502 1005 1553 duce
1021 1505 1154 1570 prosperis

40 1577 122 1627 ventis
141 1592 203 1639 usa,
222 1577 375 1626 Damiatam
395 1575 464 1624 infra
482 1575 597 1626 triduum
618 1575 758 1642 applicuit,
778 1582 805 1626 et
830 1577 931 1642 absque
952 1575 1154 1628 christianornm
1165 1584 1262 1626 Maias.

39 1650 176 1714 sanguinis
200 1650 313 1716 inpensa
337 1655 435 1699 terram
460 1648 584 1699 hostilem
608 1649 720 1700 viriliter
744 1651 895 1715 occupavit,
914 1651 971 1700 sine
997 1653 1154 1717 capitaneis,

40 1724 82 1788 qni
109 1723 250 1789 paulisper
277 1724 373 1773 morati
400 1727 509 1788 propter
543 1722 690 1789 predictam
726 1739 834 1774 causam
869 1723 985 1774 nondum
1014 1731 1153 1776 venerunt.

40 1797 101 1846 Est¹
123 1804 217 1846 autem
237 1797 364 1846 Damiata
382 1798 435 1847 sita
454 1797 522 1846 inter
547 1795 609 1846 litus
629 1797 710 1846 maris
730 1802 757 1846 et
775 1798 847 1863 ripas
866 1797 929 1858 Nili,
948 1799 976 1847 in
996 1813 1027 1848 eo
1046 1799 1237 1860 scilicetmm,

40 1868 95 1919 loco
114 1870 163 1920 ubi
184 1870 269 1932 Geon,
295 1869 341 1935 qui
365 1877 391 1920 et
409 1869 496 1930 Nilus,
521 1871 588 1919 mari
607 1868 868 1920 Mediterranea
894 1872 1030 1937 recipitur,
1057 1874 1152 1924 civitas

40 1942 217 2007 pulcherrima
237 1949 263 1994 at
282 1941 440 2005 firmissima,
458 1940 568 1993 infinitis
587 1942 701 1992 turribus
719 1944 831 1993 interius
845 1949 871 1993 et
884 1946 998 1995 exterius
1019 1946 1154 2006 decorata,

41 2015 136 2067 babens
156 2033 251 2068 versus
266 2017 376 2066 fluvium
396 2015 530 2082 duplicem
556 2032 666 2078 mamm,
689 2031 781 2066 versus
809 2018 911 2067 siccum
933 2017 1074 2084 triplicem.
1118 2021 1155 2072 Et

40 2096 107 2152 nota,
126 2090 203 2156 quod
222 2096 283 2141 ante
303 2091 455 2140 Damiatam
480 2091 509 2138 in
528 2089 618 2140 medie
637 2088 698 2139 Nilo
719 2095 808 2140 erecta
834 2096 875 2140 est
898 2093 977 2142 turris
1001 2092 1153 2158 fortissima,

41 2164 146 2214 acrius
166 2164 238 2229 pede
258 2164 388 2214 maximae
409 2169 520 2212 catenae
540 2162 731 2228 protenduntur
749 2179 833 2229 usque
854 2163 889 2213 ad
907 2180 1009 2214 murum
1029 2167 1154 2231 civitatis,

40 2251 70 2285 ne
88 2244 183 2303 pateat
202 2237 291 2287 aditus
310 2237 418 2301 navigio
437 2237 595 2287 intrantibus
615 2236 659 2286 vel
678 2237 877 2301 egredientibus
899 2239 1034 2304 Egyptum
1054 2242 1106 2290 nisi
1120 2240 1154 2291 de

40 2308 146 2362 licentia
165 2310 283 2362 soldani.
321 2312 382 2360 Hac
402 2311 471 2359 enim
491 2312 535 2359 via
555 2317 652 2360 exeunt
674 2311 757 2360 naves
777 2326 837 2360 curn
856 2312 998 2376 speciebus
1018 2320 1154 2376 oneratae,

40 2385 173 2435 venientes
195 2385 229 2434 ab
249 2383 328 2433 India
348 2390 374 2434 et
392 2383 533 2434 tendentes
551 2399 643 2434 versus
663 2384 776 2448 Syriam,
795 2384 973 2448 Antiochiam,
992 2385 1154 2451 Armeniam,

42 2456 160 2508 Greciam
182 2457 351 2523 etCyprum3
372 2463 398 2507 et
417 2457 451 2506 ab
471 2457 523 2507 hoc
542 2458 654 2507 transitu
673 2473 719 2506 rex
729 2456 895 2522 Babyloniae
915 2461 1044 2512 maximos
1057 2463 1155 2527 recipit

42 2529 165 2584 redditus.
203 2532 264 2581 Hac
278 2531 372 2580 civitas
386 2531 462 2596 quasi
476 2536 596 2596 caputet
612 2530 694 2580 clavis
709 2537 749 2580 est
768 2532 882 2582 tocius
899 2532 1011 2598 Egypti;
1031 2534 1154 2600 precellit

44 2605 154 2654 enimin
172 2605 320 2655 munitione
339 2603 525 2669 Babyloniam,
545 2602 745 2667 Alexandriam,
765 2605 876 2654 Tanaim
903 2611 930 2655 et
953 2613 1063 2658 cunctas
1088 2611 1152 2658 civi-

43 2681 106 2727 tates
123 2679 234 2745 Egypti.
272 2680 370 2728 Erecta
389 2684 450 2728 sunt
468 2677 636 2744 postmodum
654 2679 829 2738 instrumenta
841 2678 941 2729 bellica
955 2686 1047 2731 centra
1059 2683 1151 2732 turrim
1163 2693 1218 2733 oliv.

43 2749 178 2806 Damiatae
195 2753 332 2815 ramosam,
347 2766 415 2817 quae
429 2750 517 2817 capud
534 2767 615 2801 unum
629 2757 741 2802 catenae
756 2752 917 2813 continebat,
930 2753 1061 2819 reliquum
1074 2759 1153 2808 turris

44 2837 92 2872 una
104 2826 221 2878 civitatis
234 2825 268 2874 ad
283 2824 460 2874 claudendum
474 2825 591 2882 fluvium,
605 2841 639 2874 ne
653 2840 736 2876 naves
749 2825 927 2876 ascenderent
940 2828 1152 2880 christianorum.

45 2895 94 2946 Sed
110 2905 200 2964 preter
219 2915 293 2964 spem
319 2905 434 2949 nostram
461 2904 488 2948 et
512 2898 722 2949 adversariorum
741 2901 862 2949 timorem
880 2916 929 2965 per
952 2906 1054 2966 partem
1073 2903 1153 2968 alvei,

46 2984 107 3033 quae
126 2980 166 3023 est
177 2975 247 3023 inter
260 2973 350 3022 turrim
365 2978 392 3021 et
403 2977 509 3033 terram,
522 2987 614 3023 versus
628 2979 716 3022 castra
730 2973 841 3023 militiae
856 2972 1014 3024 christianae
1028 2974 1153 3041 galeidae

45 3057 139 3095 sursum
153 3045 251 3097 ductae
264 3051 334 3106 sunt,
352 3043 418 3095 licet
436 3046 514 3096 turris
528 3045 681 3097 defensores
699 3045 795 3096 iaculis
815 3051 841 3096 et
859 3046 994 3112 lapidibus
1013 3052 1153 3100 transitum

46 3115 204 3182 inpedire
224 3120 379 3170 niterentur.
420 3118 595 3169 Constructas
615 3124 675 3169 sunt
687 3119 856 3185 postmodum
876 3119 944 3170 duas
964 3121 1054 3171 scalae
1074 3139 1154 3188 super

48 3202 188 3258 coggones3
209 3209 278 3259 quae
298 3193 359 3242 dum
382 3192 549 3242 traherentur
567 3192 602 3242 ad
621 3193 723 3252 turrim,
743 3198 769 3243 et
794 3198 822 3242 ut
842 3193 985 3259 putabatur
1002 3197 1081 3246 turris
1106 3212 1154 3262 per

48 3276 88 3314 eas
106 3269 165 3333 capi
184 3273 284 3333 posset,
304 3283 363 3316 oum
383 3264 474 3315 dolore
490 3269 579 3316 nostro
593 3281 689 3331 magno
703 3273 730 3317 st
748 3265 884 3316 stultorum
898 3264 1039 3318 blasfemia
1058 3268 1155 3333 malus,

46 3333 136 3402 inquo
155 3355 285 3406 suspensa
299 3340 349 3389 fuit
367 3338 442 3390 scala
461 3338 712 3405 Hospitalariorum,
731 3338 881 3390 confractus
897 3339 1000 3391 decidit
1025 3357 1085 3392 cum
1105 3358 1153 3394 suo

47 3411 165 3472 pondere.
192 3415 228 3464 Et
240 3413 320 3480 paulo
334 3417 395 3479 post
406 3411 500 3463 scala³
513 3412 588 3464 ducis
600 3414 725 3463 Austriae
738 3413 860 3464 similiter
873 3413 982 3476 decidit,
994 3413 1075 3466 fortes
1088 3431 1152 3480 ago·

48 3482 122 3536 nistas
133 3486 232 3538 Christi
243 3487 364 3537 deorsum
374 3487 538 3552 precipitans
550 3492 576 3536 et
585 3502 634 3552 per
642 3487 761 3552 martyrii
771 3485 887 3552 palmam
898 3486 933 3537 ad
945 3486 1018 3539 celos
1034 3487 1152 3540 elevans.

48 3553 186 3610 Tandem
200 3558 1153 3629 magisteroliveruscoloniensisscolasticaexpuris

50 3628 245 3685 elemosinis
264 3632 470 3700 pauperum²
490 3632 672 3683 edificium
692 3636 901 3696 construxit,
920 3636 954 3684 in
973 3651 1034 3700 quo
1055 3642 1154 3687 arant

51 3734 70 3787 ι)
84 3743 141 3782 scale
157 3745 204 3786 Bi.
222 3746 242 3784 2.

53 3867 77 3932 ll
93 3871 163 3926 Hace
182 3893 213 3928 ea
232 3874 422 3941 ‘Descriptieue
441 3890 532 3941 repam
544 3873 734 3942 Aparcuorum'
755 3875 1070 3944 cod.Guelf.Gud.131,
1090 3878 1151 3928 clim

52 3939 266 4010 &Pentakomia
284 3949 391 4015 saepius
417 3947 494 3998 etiam
519 3947 566 3998 aab
590 3948 682 4000 Iacobi
704 3949 737 4000 de
767 3947 880 4000 Vitriaco
898 3950 1002 4001 nombre
1021 3951 1152 4016 impressa

52 4014 182 4087 (Murteae,
205 4023 278 4074 Thea
298 4023 356 4085 III,
372 4039 401 4087 p.
421 4021 488 4083 267)
507 4029 612 4086 sumpta
631 4029 700 4083 sunt,
719 4023 752 4074 de
770 4039 824 4088 qua
842 4023 876 4088 es.
891 4022 1019 4086 sameas,
1039 4022 1103 4076 ‘SR
1123 4024 1151 4076 d.

53 4085 132 4156 Ltt'pa
152 4095 182 4149 G.
202 4097 229 4148 d.
254 4097 297 4148 W)
310 4097 392 4158 1875,
406 4111 437 4161 p.
453 4095 513 4156 145,
534 4093 580 4145 ubi
597 4094 636 4145 ita
656 4095 762 4162 lapitas:
782 4096 814 4145 In
833 4097 883 4146 hae
902 4102 972 4147 terra
996 4097 1043 4148 nbi
1068 4099 1152 4149 maior

53 4175 106 4224 pars
122 4169 175 4220 Nili
192 4173 318 4237 recipitur
330 4171 358 4219 in
371 4170 446 4230 mari,
459 4169 528 4219 inter
540 4168 611 4234 ripas
624 4169 680 4219 Nili
693 4175 720 4219 et
731 4169 793 4220 litus
807 4170 886 4220 maris
899 4171 950 4220 sita
963 4177 1003 4221 est
1015 4172 1151 4234 Damiata,

55 4237 139 4291 civitas
151 4250 211 4305 etc.,·
231 4252 322 4294 antea:
336 4243 412 4307 Gyen
432 4244 477 4308 qui
497 4248 524 4292 et
532 4242 608 4293 Nilus
628 4241 784 4308 appellatur.
814 4237 913 4292 Similis
931 4243 1071 4310 descriptio
1089 4262 1152 4296 aero

55 4304 95 4359 ἧσο
112 4312 161 4366 bico
180 4316 302 4369 buteriae
321 4315 378 4367 cod.
392 4314 579 4381 Luqdaaeusis
599 4315 636 4378 (o.
653 4314 787 4381 Appeud.)
807 4313 940 4368 inseritur.
1000 4315 1029 4383 2)
1049 4317 1152 4370 Eadem

50 4378 103 4440 stra
120 4389 195 4442 verba
212 4391 242 4442 ia
260 4388 371 4443 historia
390 4388 447 4441 eod.
467 4386 655 4456 Luqdaaeuais
674 4389 804 4456 loquantur.
