2924 5006
61 399 254 452 CHRONIOA
269 400 382 453 auam
398 399 649 454 COLONIENSIS.
670 399 773 452 CONT.
785 400 837 451 111.
856 399 889 451 A.
903 398 982 452 1207.
997 397 1077 450 120⁸.
1107 399 1160 448 225

439 573 604 626 Reccnsio
624 573 649 625 Ι.
670 581 700 626 ct
718 574 762 625 ΙΙ.
1113 607 1120 620 ,

3 679 4 682 =
41 641 104 704 Leo
139 642 282 707 Sanctae
316 642 429 707 Orucis
465 639 651 726 presbyter,
687 640 728 704 ad
763 663 873 726 regem
910 639 1094 726 Philippum
1126 642 1161 705 in

42 723 268 790 Alemanniam
290 749 311 790 a
332 727 422 790 curia
444 725 590 790 Romana
619 726 709 789 missi
736 735 902 806 venerunt,
931 735 967 789 ut
992 727 1099 811 ipsum
1129 737 1161 791 et

43 809 194 876 Ottonem
217 832 327 896 regem
349 809 391 874 ad
412 832 527 896 pacem
550 819 582 874 et
603 809 807 874 concordiam
822 819 1018 886 revocarent,
1040 809 1159 874 inordi-

41 903 112 958 nata
134 895 169 957 in
191 916 295 979 regno
318 893 502 959 ordinarent
523 905 575 960 et³
597 915 655 979 pro
678 893 830 958 Brunone
852 893 1037 959 Coloniensi
1058 893 1159 958 archi·

3 1053 4 1056 Ἴ
43 981 203 1064 episcopo,
228 985 325 1066 quem
346 979 411 1042 iam
433 1001 492 1064 per
512 1001 632 1042 annum
648 987 779 1064 captum
793 977 933 1059 tenebat,
949 977 1005 1042 utb
1020 975 1160 1042 libertati

42 1062 199 1144 redderet,
222 1063 466 1129 intercederent.

121 1145 278 1233 Philippo
299 1148 397 1234 igitur
417 1169 493 1231 rege
511 1147 597 1211 circa
610 1147 727 1212 festum
743 1145 845 1211 sancti
862 1143 1009 1210 Andreae
1023 1144 1162 1230 apostoli
1170 1165 1274 1208 maso.

44 1230 126 1315 apud
141 1232 330 1316 Augustam
345 1232 506 1296 civitatem
523 1230 660 1296 Sueviae
684 1229 844 1294 celebrem
866 1229 990 1293 curiam
1012 1229 1160 1313 habente,

45 1314 153 1400 prefati
176 1314 359 1381 cardinales
381 1316 552 1398 affuerunt3
586 1316 643 1380 ubi
662 1313 802 1401 plurima
823 1335 932 1378 coram
954 1313 1000 1378 cis
1023 1323 1054 1378 et
1075 1316 1161 1400 prin-

3 1441 4 1446 κ
46 1400 168 1484 cipibus
183 1400 225 1465 de
241 1422 322 1486 pace
337 1409 369 1466 et
380 1401 610 1486 compositione
627 1399 759 1488 [regnis]
772 1400 854 1463 inter
868 1398 1009 1484 papamd
1024 1408 1055 1463 et
1068 1420 1160 1484 reges

45 1491 176 1548 tractata
214 1495 299 1552 sunt.
362 1484 413 1548 Ibi
445 1485 543 1549 etiam
570 1482 706 1547 Adolfus
739 1481 918 1570 quondam⁰
959 1481 1160 1548 Coloniensis

47 1567 308 1716 archiepiscopus
335 1568 466 1634 eosdem
496 1566 672 1633 cardinales
706 1567 834 1648 adiens,
866 1567 1049 1631 interventu
1075 1568 1160 1652 regis

47 1673 64 1714 a
84 1651 188 1716 banno
213 1673 250 1716 so
264 1653 351 1718 vitur
371 1662 412 1735 et,
435 1661 471 1716 nt
498 1653 540 1716 ad
567 1651 817 1718 satisfactionem
839 1651 974 1715 Romam
997 1650 1160 1736 procedat,

48 1734 103 1833 ipsi
123 1736 289 1802 indicitur.
333 1737 404 1802 Rex
431 1738 527 1802 etiam
554 1735 687 1801 consilio
721 1746 753 1802 et
779 1735 986 1820 petitionibus
1016 1735 1161 1799 cardina-

48 1816 118 1882 hum
140 1820 365 1908 adquiescens,
386 1822 570 1888 Brunonem
590 1819 728 1884 vinculis
747 1817 886 1883 absolvit
900 1829 940 1901 et,
955 1819 1034 1904 ipsis
1055 1841 1160 1884 rever-

49 1904 193 1987 tentibus,
210 1905 254 1970 ad
269 1908 406 1991 gratiam
423 1905 539 1970 summi
554 1905 716 1990 pontificis
732 1926 806 1969 eum
823 1903 959 1967 Romam
974 1904 1160 1968 transmisit.

212 1991 290 2078 [lt]
313 1990 409 2054 Anno
432 1989 630 2054 dominicaef
650 1987 878 2053 incarnationis
903 1987 995 2052 1208.

125 2073 297 2162 Philippus
333 2097 393 2138 rex
427 2074 644 2159 patriarcham
679 2070 937 2158 Aquileiensem¹
979 2093 1053 2135 cum
1089 2069 1160 2136 aliis

51 2155 205 2223 honoratis
228 2159 308 2222 viris
329 2159 369 2222 ad
398 2157 506 2223 sedem
534 2156 743 2244 apostolicam
774 2156 880 2220 misit²
907 2177 967 2243 pro
995 2155 1160 2220 confirma·
1240 2193 1242 2198 ,

51 2239 128 2305 tione
149 2241 270 2308 federis
297 2253 329 2308 et
359 2243 599 2328 compositionis
622 2264 703 2327 quae
725 2262 784 2326 per
806 2239 984 2304 cardinales
1011 2237 1162 2304 inchoata

50 2322 200 2410 neronis,
218 2349 277 2413 pro
301 2329 541 2392 consecratione
562 2324 730 2412 imperiali,
776 2346 811 2389 ro
834 2325 1032 2389 restitutione
1052 2323 1161 2388 domni

3 2455 4 2458 ,
51 2407 159 2476 Adolfi.
192 2410 401 2497 Apostolicus
416 2420 522 2474 autem
537 2411 643 2496 ipsum
658 2347 811 2473 Adolliim
827 2407 888 2472 adh
904 2431 938 2473 se
961 2429 1033 2472 cum
1048 2406 1161 2492 legatis

3 2531 4 2554 2
50 2495 128 2578 regis
165 2494 345 2581 supplicem
380 2495 560 2560 venientem
597 2494 632 2557 in
664 2491 771 2558 osculo
803 2493 895 2578 pacis
924 2493 1080 2579 suscepit,
1104 2492 1162 2557 sed

3 2561 5 2626 l
51 2585 148 2642 tamen
171 2581 259 2666 quod
282 2581 368 2643 circa
382 2579 566 2643 Brunonem
587 2578 708 2642 fecerat
727 2585 831 2640 ratum
852 2599 923 2642 esse
945 2576 1065 2658 volens,
1088 2597 1162 2640 cum

50 2679 101 2756 per
121 2661 258 2727 biduum
280 2685 389 2728 coram
411 2684 448 2729 eo
477 2664 536 2727 abi
559 2664 703 2749 utrisque
726 2662 803 2726 satis
831 2659 1003 2746 allegatum
1031 2661 1161 2744 fuisset,

50 2747 169 2890 rpsuml
192 2748 379 2812 Brunonem
411 2749 444 2812 in
472 2749 661 2833 episcopatu
688 2745 899 2828 confirmavit,
934 2743 1057 2810 litteras
1087 2768 1160 2810 suas

77 2827 209 2896 oloniam
243 2831 285 2896 ad
313 2831 432 2896 clerum
467 2841 498 2896 et
530 2829 686 2918 populum
719 2840 752 2895 et
783 2829 822 2893 ad
859 2851 1004 2915 quosque
1037 2827 1161 2895 nobiles

52 2919 145 2978 terrae
159 2914 245 2980 illius
260 2917 489 2998 transmittens,
504 2937 614 2979 omnes
637 2913 678 2978 ad
701 2915 771 2978 eius
792 2913 936 2978 favorem
958 2921 990 2978 et
1011 2913 1161 2978 obedien-

52 2995 127 3060 ciam
141 2999 323 3065 sollicitavit
330 3011 351 3062 ³.
382 3000 534 3064 Formam
549 3000 651 3063 eciam
673 3001 764 3086 pacis
787 3007 819 3062 et
833 2996 1089 3083 composicionis,
1101 3020 1161 3084 pro

54 3100 108 3164 qua
121 3084 237 3167 prefati
251 3083 348 3168 legati
363 3084 568 3164 advenerant,
590 3104 664 3146 cum
680 3083 747 3146 suis
762 3078 1031 3146 consecretalibus
1046 3102 1161 3167 appro-

3 3235 4 3242 ἵ
54 3157 133 3246 bans,
154 3191 282 3232 rursum
305 3167 467 3254 predictos
489 3166 667 3232 cardinales
689 3167 812 3230 remisit
833 3173 874 3247 et,
897 3167 933 3229 ut
953 3164 995 3229 ad
1016 3187 1158 3250 unguem

51 3244 148 3331 ipsum
179 3253 352 3338 negocium
379 3251 605 3400 perducerent,
627 3251 809 3336 imperavit.
864 3247 992 3329 Quibus
1023 3247 1160 3396 Alpibus

54 3337 246 3419 transcensrs,
269 3357 377 3400 cuma
415 3336 641 3424 exequendum
656 3334 857 3398 mandatum¹
879 3333 981 3418 ipsius
1000 3333 1033 3396 in
1084 3333 1159 3397 heu·

2 3481 10 3498 ι
54 3417 190 3482 ioniamm
205 3422 460 3507 pervenissentss,
482 3443 593 3485 rumor
613 3419 774 3506 pessimus
796 3417 988 3504 percrebuit,
1016 3415 1158 3482 scilicet⁰

53 3495 227 3589 Philippum
239 3527 348 3591 regem
363 3526 383 3568 a
397 3505 538 3591 palatino
551 3505 667 3568 comite
679 3502 719 3567 de
731 3499 1005 3568 Wittillinsbaehr
1019 3501 1160 3567 ottones

54 3584 132 3666 apud
160 3588 362 3654 Bavinberhr
383 3591 610 3676 interemptum
618 3600 639 3652 ⁸.
694 3587 776 3652 Nam
810 3606 882 3650 cum
916 3584 1002 3649 idem
1034 3608 1093 3650 rex
1124 3587 1158 3650 in

54 3661 127 3732 festo
147 3674 247 3738 sancti
275 3673 393 3738 Albani
422 3672 520 3738 liliam
549 3673 654 3737 fratris
684 3672 734 3737 sui
757 3671 886 3736 Ottonis
908 3669 948 3733 de
970 3669 1271 3756 Burgundianaas.

2 3828 4 3846 ,
56 3787 75 3839 Ι)
89 3793 139 3834 deest
154 3800 228 3842 01.2.
287 3800 311 3852 b)
328 3807 353 3841 ut
367 3802 511 3842 litteratoria
526 3801 572 3840 loco
587 3812 639 3840 raso
649 3801 694 3850 023
711 3803 736 3839 ut
751 3800 766 3842 l.
776 3809 794 3838 r.
804 3798 848 3839 des.
865 3799 914 3840 Bl.
975 3795 996 3848 c)
1012 3797 1069 3838 deest
1084 3799 1161 3843 cra.

56 3846 75 3898 (l)
89 3862 167 3904 Papam
183 3864 205 3900 ot
219 3861 263 3900 iam
278 3871 343 3900 erasa
358 3861 382 3900 in
397 3861 452 3909 1³13
468 3865 551 3900 matam
567 3861 610 3901 01.
629 3861 649 3899 2.
710 3857 732 3910 e)
749 3857 823 3898 (tolon
839 3869 860 3907 q.
876 3858 939 3897 arch.
955 3857 1002 3898 Bl.
1058 3855 1168 3908 QAnno'

55 3905 140 3954 Domini
153 3917 202 3960 Bl.
242 3918 265 3969 g)
283 3920 446 3962 tuernout.
486 3918 510 3969 h)
527 3919 602 3968 incipit
617 3918 678 3958 atiud
687 3917 835 3968 fragmentum
851 3918 872 3967 0,
888 3916 925 3956 uit
936 3917 1023 3966 pariter
1039 3927 1065 3956 aa
1079 3917 1103 3958 in
1119 3917 1160 3958 Bl

55 3971 132 4018 'stipitis
147 3985 158 4014 e
171 3988 213 4025 pro
234 3989 262 4018 ae
283 3979 346 4019 ctiam
361 3979 385 4018 ia
395 3978 442 4028 fiae
457 3979 582 4028 veriorum
605 3989 652 4018 cum
672 3988 722 4016 vero
745 3977 804 4016 codd.
827 3976 912 4016 minima
931 3976 972 4014 sibi
994 3981 1098 4024 constent,
1122 3977 1161 4020 noe

55 4028 136 4070 retinere
149 4037 216 4078 nolui.
277 4036 295 4089 i)
316 4049 335 4078 s.
351 4049 372 4078 a.
388 4037 417 4076 ab
433 4041 530 4085 utroque
546 4039 563 4080 t.
581 4038 602 4078 O.
664 4035 688 4086 k)
705 4037 841 4086 episcopum
857 4037 900 4076 01.
961 4033 978 4083 l)
994 4040 1043 4084 post
1057 4037 1162 4086 mappic.

57 4083 262 4136 m)in'1¹houtonia
282 4102 344 4137 terra
360 4097 405 4137 02,
481 4094 506 4147 n)
522 4107 564 4146 per
576 4100 627 4145 post
642 4095 692 4136 add.
710 4096 732 4135 0.
815 4092 838 4145 ο)
853 4094 950 4144 palatini
967 4094 1016 4137 add.
1031 4095 1068 4134 aad
1082 4095 1122 4138 dcl.
1139 4099 1161 4139 0.

57 4140 78 4193 p)
92 4146 254 4196 Witttlltnbach
263 4157 289 4207 0,·
305 4155 477 4196 Wltitlinsbach
494 4157 542 4206 013
560 4154 790 4195 Witullinsbachoit.
852 4151 1002 4203 poemiae,
1020 4159 1038 4192 at
1053 4154 1085 4194 ito
1097 4161 1162 4206 post,¹

57 4210 101 4253 ⁸1>-
117 4217 134 4249 θ.
151 4210 176 4253 0.
192 4215 219 4254 tle
235 4215 271 4256 W.
288 4215 350 4267 apud
366 4215 408 4256 Οἳ.
469 4212 489 4266 r)
513 4214 647 4262 Bavlnberg
662 4211 710 4255 Bt.
729 4214 769 4254 ct.
788 4213 809 4252 2.
870 4209 891 4262 a)
907 4215 1113 4263 peremptumBl.

3 4359 4 4368 Ι
61 4319 85 4386 1)
99 4323 254 4398 W⁰lfqeram
293 4331 322 4397 2)
337 4331 504 4400 &Philippi
517 4333 637 4384 chartam
646 4330 704 4383 LL.
717 4330 758 4394 II,
771 4346 798 4396 p.
812 4330 875 4380 213.
914 4327 943 4394 3)
958 4329 999 4382 De
1013 4330 1165 4385 Innocentii

2 4370 6 4443 l
59 4396 339 4472 carolomannum,
357 4407 421 4475 Req.
432 4424 460 4473 p.
471 4404 533 4469 215,
546 4424 588 4459 nr.
607 4406 669 4470 241,
686 4409 710 4457 ct
727 4401 908 4454 Wakelmaun
926 4402 951 4468 I,
968 4421 998 4470 p.
1013 4406 1067 4455 354
1086 4423 1113 4459 n.
1136 4407 1161 4458 1.

893 4488 932 4552 15
