2944 5002
159 407 309 462 OLIVERI
323 407 482 460 RELATIO
502 408 551 460 Dr.
572 409 819 462 EXPEDITIONE
838 409 1051 462 DAMIATINA.
1132 409 1186 461 827

59 598 81 641 a
104 574 300 662 Templariis
323 575 471 642 edificata
500 586 533 641 et
553 598 701 664 possessa
732 588 798 642 tam
825 599 946 663 gwerre
979 600 1075 664 quam
1101 587 1267 647 trau-rats.

57 680 181 746 garum
211 671 363 746 tempore.
419 661 497 725 Fuit
523 671 630 726 autem
657 660 790 726 frmdata
817 670 948 761 propter
979 661 1184 745 latrunculos,

58 745 122 844 qui
145 747 179 810 in
202 745 254 808 via
276 746 385 810 stricta
405 747 582 831 peregrinis
603 745 849 811 ascendentibus
870 768 904 809 rn
924 745 1120 812 Iberusalem
1137 749 1186 811 in-

57 828 273 894 srdiabantur.
317 829 452 916 Propter
474 828 557 894 hanc
579 851 707 895 causam
730 830 938 895 ‘Districtum'
966 831 1027 895 fuit
1045 830 1186 918 appella-

58 923 144 980 tum.
191 915 289 978 Porro
319 921 386 979 toto
414 914 480 978 fere
509 923 739 1001 temporeque
763 913 1185 980 Oesariensecastrumfir-

59 998 225 1063 mavimus
255 1006 287 1062 et
317 999 607 1064 consummavimus
630 998 806 1084 Templarii
835 1021 877 1063 ex
903 998 1037 1064 adverso
1067 1001 1185 1065 montis

58 1082 224 1148 fodientes
246 1083 435 1168 magnisque
458 1083 640 1167 sumptibus
661 1083 851 1166 laborantes,
874 1083 1004 1147 tandem
1019 1083 1059 1148 ad
1073 1084 1185 1148 funda-

59 1176 210 1232 mentum
225 1167 364 1252 primum
379 1177 602 1252 pervenerunt.
625 1167 691 1233 Ubi
705 1190 815 1232 murus
830 1167 1000 1254 antiquus²
1012 1178 1042 1233 et
1064 1170 1184 1266 spissus

60 1261 95 1316 et
117 1249 236 1336 longus
257 1253 416 1336 apparuit.
460 1251 596 1337 Argenti
618 1253 718 1317 eciam
741 1261 870 1317 moneta
890 1250 1053 1316 modernis
1075 1262 1186 1338 ignota

60 1336 97 1398 in
119 1357 200 1400 vase
221 1334 310 1400 fictili
331 1358 395 1399 non
418 1335 545 1400 modica
565 1338 696 1402 inventa
718 1345 774 1400 est.
821 1335 948 1400 Deinde
975 1337 1010 1399 in
1035 1338 1185 1402 anteriori

85 1429 158 1485 arte
180 1420 345 1501 fodientes,
378 1419 475 1484 alium
506 1443 632 1485 murum
661 1421 761 1506 priori
789 1420 968 1485 breviorem
996 1422 1185 1486 invenimus.

60 1442 276 1568 l'ostmodum
305 1504 409 1569 fontes
438 1506 458 1568 9
485 1504 590 1591 largas
626 1526 725 1590 aquas
753 1503 948 1568 effundentes
975 1506 1080 1590 aperti
1102 1515 1185 1570 sunt.

60 1587 193 1653 Ibidem
204 1591 305 1652 eciam
327 1586 471 1674 lapidum
493 1598 526 1653 et
548 1589 684 1654 cementi
707 1590 833 1675 copiam
849 1587 1008 1653 Dominus
1029 1591 1186 1655 ministra-

60 1672 120 1737 vit.
166 1671 251 1737 Ante
273 1674 414 1738 fontemb
437 1675 533 1737 castri
555 1673 617 1738 due
638 1685 742 1738 turres
758 1672 947 1737 edificantur
961 1672 1001 1738 de
1021 1670 1053 1736 la
1078 1673 1186 1738 idibus

60 1757 200 1843 quadris
215 1767 301 1822 tante
318 1758 514 1844 quantitatis,
536 1767 572 1820 ut
593 1756 674 1844 lapis
695 1779 779 1821 unus
800 1757 857 1821 vix
877 1779 897 1820 a
912 1756 1037 1821 duobus
1054 1697 1184 1824 bubalis

61 1843 97 1904 in
120 1863 220 1905 curru
241 1841 393 1906 trahatur.
436 1842 620 1927 Longitudo
643 1842 738 1907 umis
761 1851 887 1906 centum
910 1840 1009 1926 pedes
1036 1841 1133 1908 habet
1154 1852 1185 1908 et

61 1924 214 2011 amplius,
236 1925 371 1990 latitudo
394 1927 595 2011 septuaginta
617 1937 763 2012 quatuor.
806 1925 950 2024 Utraque
978 1927 1074 1990 turris
1104 1926 1184 1991 duas

62 2007 199 2074 habebit
219 2009 406 2094 testudines,
428 2010 604 2074 secundum
626 2033 706 2096 quas
728 2009 860 2074 altitudo
876 2009 1065 2095 drsponitur.
1097 2011 1186 2075 Inter

62 2103 237 2179 utramque
265 2095 376 2158 turrim
405 2116 516 2159 murus
544 2117 646 2159 novus
675 2103 934 2159 consummatus⁰
965 2102 1021 2175 est,
1050 2105 1082 2159 et
1102 2097 1184 2159 miro

62 2177 204 2243 artificio
226 2179 350 2264 equites
372 2180 487 2243 armati
507 2178 681 2243 ascendere
703 2187 838 2264 possunt
858 2186 890 2243 et
911 2178 1106 2244 descendere
1127 2201 1186 2264 per

62 2262 188 2347 gradus
218 2263 418 2328 intrinsecus.
467 2263 573 2327 Huius
601 2263 720 2327 edificii
748 2264 852 2348 prima
878 2271 926 2327 est
946 2261 1075 2344 utilitas,
1098 2263 1185 2349 quod

62 2358 245 2412 conventus
266 2345 522 2433 Templariorum
550 2346 735 2412 educendus
764 2347 804 2411 de
832 2349 1011 2432 peccatrice
1038 2357 1069 2411 et
1098 2349 1186 2412 omni

63 2432 223 2517 spurcitia
249 2430 346 2517 plena
373 2431 502 2496 civitate
529 2431 622 2496 Acon
656 2434 689 2496 in
711 2431 805 2496 huius
834 2432 928 2496 castri
949 2431 1090 2517 presidio
1119 2453 1185 2495 ma-

65 2515 160 2581 nebit
188 2538 289 2602 usque
320 2514 362 2580 ad
388 2515 609 2581 liberationem
636 2517 746 2580 matris
767 2515 844 2581 fidei
865 2515 1072 2582 Iberusalem.
1117 2514 1185 2581 sol-

64 2599 171 2664 danus
194 2622 267 2664 cum
289 2598 492 2665 multitudine
509 2600 755 2666 sarracenorum
770 2599 831 2665 hoc
851 2609 991 2666 castrum
1004 2599 1184 2686 agrediens,

66 2693 103 2747 ut
123 2685 222 2748 inicia
244 2686 456 2749 munitionum
478 2684 655 2749 destrueret
675 2684 727 2748 vel
748 2696 930 2770 occuparet,
951 2686 1068 2750 virtute
1088 2683 1185 2749 Altis-

67 2769 142 2832 simi
163 2769 308 2853 repulsus
330 2770 470 2833 recessit.
515 2769 664 2834 Castrum
691 2769 752 2833 hoc
780 2768 900 2834 bonum
923 2769 1020 2835 habet
1070 2779 1184 2850 ortum,

66 2853 223 2939 piscariis,
246 2852 365 2934 salinis,
386 2851 492 2938 lignis,
515 2855 643 2939 pascuis
665 2864 697 2919 et
717 2855 804 2938 agris
825 2852 980 2919 fertilibus
1008 2793 1184 2936 habundat,

65 2958 126 3002 nec
156 2947 204 3002 est
232 2935 367 3001 multum
388 2946 545 3002 remotum
567 2960 587 3001 a
607 2947 715 3002 monte
736 2936 875 3002 Thabor.
928 2937 1023 3002 Unde
1046 2937 1186 3003 creditur

64 3021 207 3106 quedam
222 3043 320 3085 causa
341 3021 440 3086 fuisse
455 3022 678 3087 destructionis
700 3023 795 3086 castri
806 3020 936 3086 Thabor
957 3020 998 3085 ab
1020 3022 1099 3106 ipsis
1112 3021 1184 3086 Sar·

65 3107 192 3170 racenis
213 3105 305 3186 facte,
328 3106 405 3191 quia
425 3129 485 3172 nec
508 3106 664 3170 seminare
685 3127 745 3169 nec
765 3114 884 3170 metere
906 3127 1016 3169 secure
1037 3114 1186 3190 poteraut

67 3200 200 3277 propter
220 3189 413 3255 habitatores
436 3191 531 3254 castri
553 3189 610 3253 filii
631 3190 705 3254 Dei.

153 3276 184 3338 5.
211 3275 306 3338 Anno
328 3276 430 3360 gratie
464 3274 585 3355 mil,
607 3284 778 3359 postquam
800 3294 962 3358 coggones
984 3271 1025 3336 ad
1055 3282 1184 3359 portum
1195 3294 1263 3336 rare.

67 3358 271 3422 Acontanum
299 3380 319 3421 a
343 3357 538 3444 plicuerunt,
569 3360 637 3423 sine
666 3359 781 3444 quibus
808 3379 872 3422 non
901 3356 1095 3443 expediebat
1129 3380 1184 3422 ex-

68 3444 205 3507 ercitum
242 3381 387 3507 navalem
424 3443 458 3506 in
486 3443 642 3527 Egiptum
677 3443 823 3527 dirigere,
854 3463 913 3506 rex
941 3450 973 3506 et
1004 3441 1185 3526 patriarcha

68 3547 144 3590 cum
173 3528 255 3591 duce
285 3527 413 3592 Austrie
445 3548 484 3591 ac
511 3526 702 3613 Templariis
732 3537 764 3591 et
792 3523 1016 3612 Hospitalariis
1051 3525 1184 3590 consilio

71 3610 210 3697 Spiritus
234 3611 357 3693 Sancti,
380 3611 462 3675 sicut
484 3610 633 3690 creditur,
656 3610 893 3696 expeditionem
914 3618 1080 3690 voverunt,
1101 3611 1184 3674 iura-

68 3704 177 3760 mento
199 3695 423 3760 confirmantes
446 3696 589 3760 eandem.
622 3695 716 3760 Unde
738 3694 864 3774 accidit,
887 3695 977 3758 utin
999 3696 1184 3759 ascensione

69 3777 212 3859 Domini,
235 3779 362 3866 quando
384 3801 482 3843 naves
502 3780 628 3865 ingredi
650 3778 809 3844 debebant
829 3779 933 3860 iurati,
956 3801 998 3842 ex
1022 3779 1294 3864 imperatore-24.

69 3865 184 3949 viginti
205 3874 269 3928 tres
291 3885 451 3950 coggones
474 3864 704 3949 subsequentes
725 3862 932 3950 applicarent.
987 3863 1087 3926 Porro
1110 3884 1185 3926 cum

69 3945 181 4012 classis
210 3949 416 4034 congregatio
445 3947 532 4034 apud
559 3948 737 4034 predictum
768 3956 905 4011 castrum
933 3944 1052 4009 indicta
1072 3946 1186 4011 fuisset

71 4041 101 4096 et
126 4033 264 4098 maiores
292 4031 397 4097 locum
427 4041 459 4096 et
479 4032 564 4096 diem
588 4032 803 4112 observarent,
827 4030 937 4096 elassis
964 4032 1035 4115 ipsa
1057 4029 1184 4095 Obristo

71 4113 152 4181 duce
173 4119 335 4203 prosperis
357 4117 461 4182 ventis
483 4137 543 4180 usa
564 4117 748 4181 Damiatam
768 4115 851 4179 infra
870 4114 1009 4179 triduum
1029 4113 1186 4201 applicuit

71 4209 102 4264 ot
122 4201 244 4288 absque
273 4200 516 4265 christianorum
545 4201 707 4286 sanguinis
736 4200 872 4286 inpensa
893 4208 1009 4264 terram
1036 4197 1186 4264 hostilem

67 4363 94 4418 a)
109 4366 201 4415 seuque
217 4377 235 4405 e.
294 4361 319 4416 b)
337 4365 436 4406 frontem
451 4365 498 4404 an.
560 4361 581 4416 c)
598 4368 745 4405 consumatus
760 4375 777 4406 c.
839 4362 862 4414 d)
881 4363 944 4404 1218.
960 4363 1008 4402 Eoo.
