2924 5006
112 411 299 465 cunamen
319 411 433 464 REGIA
454 413 707 466 COLONIENSIS.
728 414 833 468 CONT.
852 415 891 466 11.
911 413 1038 466 Α.1202.
1106 416 1155 466 1⁷1

273 577 367 644 Anno
390 581 551 645 dominice
572 582 803 646 incarnationis
828 582 918 647 1202.

123 680 292 766 Lupoldus
308 685 479 769 episcopus
502 684 842 748 excommunicationis
864 682 1030 770 paulisper
1043 684 1159 749 timore

47 763 215 850 perculsus,
247 777 350 831 ratum
381 767 442 832 sibi
470 765 652 850 arbitratus,
683 766 810 832 Italiam
842 769 985 853 expetiit,
1016 769 1159 834 Romane

48 871 78 912 se
98 849 185 913 curie
208 850 364 932 exhibuit,
386 850 474 936 apud
489 873 708 938 quoscumque
723 860 850 937 poterat
886 873 922 915 ro
948 853 1054 917 ensius
1074 851 1158 916 effla-

47 933 164 1016 gitans,
194 935 345 1032 quatinus
375 945 406 999 et
441 958 460 999 a
489 935 594 1000 banno
617 935 741 1000 absolvi
769 944 801 1000 et
831 874 906 1000 selle
924 875 1159 1020 llogontiensis

48 1013 171 1081 ecclesie
198 1019 344 1084 rnvestiri
377 1029 561 1084 mereretur.
617 1018 799 1106 Aliquantis
832 1020 931 1104 igitur
960 1018 1073 1084 diebus
1096 1041 1159 1118 pro

48 1099 227 1165 huiusmodi
255 1103 361 1167 causis
388 1103 586 1189 exequendis
613 1103 734 1168 ibidem
763 1105 964 1185 constitutus,
993 1125 1066 1168 curn
1093 1126 1159 1167 ram

49 1183 139 1248 nichil
158 1185 332 1271 proficeret
353 1196 384 1251 et
405 1209 440 1251 se
462 1208 527 1251 non
550 1185 653 1251 solum
674 1210 739 1252 non
761 1187 918 1268 exaudiri,
944 1210 1056 1252 verum
1083 1209 1160 1273 apo·

49 1266 148 1332 stolice
169 1271 331 1355 presentie
353 1292 388 1335 se
410 1293 475 1334 non
496 1272 622 1336 admitti
644 1271 856 1352 erubesceret,
887 1272 969 1335 iram
995 1273 1157 1358 animique

49 1351 180 1416 furorem
202 1353 419 1437 dissimulans,
441 1356 559 1420 infecto
580 1357 709 1440 negotio
733 1377 807 1419 cum
836 1357 902 1420 suis
929 1378 1077 1421 reversus
1099 1363 1156 1420 est.

49 1435 164 1500 Eodem
186 1459 272 1503 anno
295 1441 381 1503 circa
402 1439 520 1504 festum
542 1440 646 1504 sancti
667 1440 776 1526 Egidii
805 1439 978 1504 Heinricus
1008 1439 1075 1504 dux
1096 1439 1223 1507 Lo-sort·
1242 1457 1262 1499 1·

50 1520 133 1584 vanie
154 1521 329 1587 multifaria
351 1523 477 1587 comitis
500 1521 661 1596 de.Gelre
681 1533 844 1609 permotus
869 1525 902 1587 in
927 1523 1067 1605 udentia,
1092 1525 1157 1587 iam

50 1603 159 1668 diutius
183 1607 254 1670 eius
275 1607 459 1672 insolentias
480 1609 548 1693 pati
570 1617 658 1672 ratus
681 1607 744 1672 sibi
764 1607 831 1672 fore
847 1631 890 1705 pu
916 1609 972 1688 ori,
990 1609 1157 1694 copiosum

50 1687 180 1774 educens
202 1691 391 1773 exercitum,
421 1700 539 1755 terram
567 1693 634 1756 eius
663 1690 816 1756 invadere
846 1714 1017 1778 ipsumque
1047 1702 1158 1839 utpote

13 1837 15 1842 ,
50 1773 138 1836 totius
158 1774 312 1839 beneficii
334 1796 372 1838 ac
395 1774 601 1860 benignitatis
625 1776 787 1860 ingratum
803 1774 861 1839 sub
878 1778 975 1839 armis
991 1774 1077 1838 humi
1091 1776 1157 1840 iare

51 1854 207 1941 disposuit.
259 1857 358 1923 Ouius
387 1881 517 1922 manum
532 1868 709 1945 ‚potentem
740 1870 772 1924 et
797 1859 965 1924 brachium
994 1869 1159 1924 extentum

51 1939 106 2002 iam
121 1940 225 2007 dictus
242 1964 350 2008 comes
365 1942 448 2007 ferre
464 1964 529 2007 non
544 1942 724 2029 prevalens,
739 1942 844 2007 adhuc
861 1941 914 2006 illo
926 1942 1021 2027 longe
1032 1954 1157 2029 agente,

72 2045 103 2086 er
123 2047 156 2090 se
178 2027 287 2112 ipsum
316 2027 489 2092 adventum
512 2029 580 2091 eius
606 2028 773 2113 prevenire
803 2037 961 2112 satagens,
984 2027 1025 2091 ad
1055 2037 1159 2092 castra

52 2043 134 2172 ducis
155 2109 296 2192 devenit,
325 2134 383 2196 per
411 2113 531 2175 amicos
553 2111 747 2194 legationem
769 2112 864 2185 misit,
887 2132 1003 2210 rogans
1031 2134 1069 2176 ea
1097 2133 1158 2211 que

51 2193 130 2276 pacis
152 2204 237 2258 sunt.
281 2196 409 2259 Interea
435 2216 542 2260 comes
563 2193 746 2278 Hellandie,
776 2195 810 2260 in
838 2195 994 2259 auxillum
1022 2194 1158 2281 predicti

51 2277 165 2342 comitis
198 2289 362 2360 evocatus,
391 2280 555 2344 civitatem
582 2300 700 2343 novam
731 2280 860 2344 nomine
889 2275 1027 2362 Bushm,
1061 2301 1158 2365 quam

51 2358 112 2444 ipse
141 2361 210 2425 dux
239 2385 364 2426 summo
391 2362 501 2428 labore
529 2385 567 2427 ac
597 2364 702 2428 studio
728 2364 942 2448 maximisque
976 2363 1157 2462 sumptibus

52 2453 254 2527 exstruxerat,
270 2449 397 2531 penitus
412 2449 487 2534 igne
503 2448 712 2533 consumpsit,
724 2449 811 2511 viros
823 2469 861 2512 ae
872 2447 1021 2512 mulieres
1032 2459 1156 2513 vinctos

11 2533 13 2594 t
51 2525 185 2612 abduxit,
208 2542 353 2596 armenta
373 2532 471 2595 boum
494 2541 526 2597 et
547 2552 702 2618 equorum
723 2553 848 2616 greges,
872 2533 982 2595 ovium
1009 2529 1157 2596 aliarum-

70 2631 105 2674 ue
131 2612 331 2680 diversarum
360 2638 468 2680 rerum
489 2617 690 2680 innumeram
711 2614 947 2680 multitudinem
972 2617 1157 2700 asportavit.

51 2631 154 2782 ltaque
177 2699 218 2763 de
242 2721 321 2784 pace
343 2700 426 2765 inter
467 2699 638 2785 agendum,
661 2721 735 2763 cum
757 2703 821 2762 iarn
843 2697 884 2763 ab
904 2699 1052 2764 omnibus
1068 2702 1157 2786 pacis

52 2787 78 2840 et
98 2783 266 2846 concordie
290 2793 472 2868 speraretur
485 2784 628 2866 effectus,
644 2806 720 2848 ecce
736 2782 841 2848 subito
856 2804 967 2847 rumor
981 2792 1013 2848 et
1027 2782 1156 2866 clamor,

51 2862 231 2932 miserabilis
254 2866 344 2931 dolor
366 2878 397 2932 et
418 2871 556 2953 gemitus
577 2866 786 2934 intolerabilis
809 2876 928 2932 cuncta
945 2867 1037 2932 ducis
1052 2879 1157 2933 castra

52 2944 184 3032 replevit,
212 2953 347 3050 ipseque
373 2951 443 3015 dux
469 2950 551 3017 ultra
578 2973 674 3038 quam
706 2953 794 3017 credi
822 2961 929 3038 potest
949 2952 1056 3015 animo
1085 2972 1156 3015 con-

53 3037 199 3098 sternatus
215 3056 254 3098 ac
269 3037 368 3100 nimia
383 3035 629 3101 exacerbatione
646 3037 787 3119 excitus,
808 3035 989 3121 predictum
1006 3038 1156 3100 comitem

52 3109 85 3176 de
106 3115 198 3182 Gelre
230 3118 324 3182 huius
354 3120 430 3184 mali
460 3121 624 3184 conscium
653 3122 786 3206 eiusque
808 3118 940 3184 consilio
963 3119 1084 3183 factum
1107 3142 1156 3184 su-

52 3197 195 3286 spicatur,
219 3202 305 3266 unde
327 3225 402 3288 pax,
426 3226 488 3290 que
510 3205 575 3266 ia'm
602 3204 768 3269 obsidibus
796 3212 828 3269 et
854 3203 929 3268 fidei
957 3213 1156 3268 sacramento

53 3282 262 3350 confirmanda
284 3289 482 3372 sperabatur,
504 3289 754 3373 interrumpitur.
802 3287 954 3352 Adunato
976 3289 1075 3372 igitur
1103 3310 1157 3352 ex·

52 3365 150 3458 ercitu,
165 3370 234 3433 dux
249 3393 266 3434 e
281 3372 417 3457 vestigio
434 3373 582 3436 comitem
598 3393 672 3435 cum
687 3371 788 3458 preda
803 3393 913 3436 secure
929 3371 1155 3457 procedentem

51 3453 230 3537 insequitur,
252 3465 417 3541 marteque
440 3457 597 3521 constanti
619 3456 881 3540 magnanimitate
897 3455 1079 3538 commisso,
1102 3478 1156 3520 ex·

53 3534 157 3599 ercitus
185 3539 310 3603 comitis
338 3542 455 3626 partim
478 3539 643 3622 occiditur,
670 3539 787 3624 partim
815 3540 849 3602 in
877 3539 987 3624 fugam
1014 3539 1157 3621 vertitur,

53 3617 142 3697 preda
163 3629 231 3685 tam
252 3621 415 3687 hominum
438 3646 536 3709 quam
557 3625 770 3689 iumentorum
792 3624 962 3702 excutitur,
984 3625 1055 3710 ipse
1083 3644 1156 3687 cum

53 3695 113 3764 aliis
134 3725 230 3790 quam
252 3705 398 3791 pluribus
420 3709 577 3806 captivis·
598 3707 778 3772 abducitur.
822 3707 894 3772 Hac
915 3707 1001 3772 felici
1021 3709 1158 3772 victoria

54 3779 111 3847 <lux
130 3791 299 3873 animatus,
320 3791 569 3856 Novimarumlm
592 3793 730 3874 devenit,
753 3790 815 3856 Oie
837 3803 976 3856 castrum
991 3793 1068 3856 satis
1089 3812 1157 3854 mu-

54 3866 143 3934 nitum
164 3876 372 3958 expugnavit,
396 3877 543 3954 comitem
566 3875 606 3940 de
628 3874 748 3956 Olieve,
765 3873 841 3940 licet
855 3898 1002 3975 puerum,
1017 3875 1155 3939 amicitie

56 3970 102 4016 sue
122 3958 291 4043 copulavit,
316 3960 529 4045 omnibusque
552 3981 609 4045 pro
631 3958 725 4025 libitu
747 3970 779 4025 et
800 3959 935 4025 utihtate
956 3958 1076 4024 ibidem
1092 3957 1155 4022 dis·

55 4147 74 4200 ι)
87 4157 202 4205 aarum?
262 4157 285 4210 b)
301 4160 451 4200 chtmarum
466 4171 524 4199 corr.
540 4164 564 4198 ut
579 4159 662 4199 viduus
676 4160 824 4200 Novtmsium
840 4158 889 4198 Ax.

56 4285 85 4414 bi
96 4293 317 4369 Hertoqenhosch5
346 4302 380 4366 ef.
399 4301 470 4353 Anu.
488 4299 631 4366 Eymuud„
654 4297 704 4351 SS.
723 4299 802 4364 XVI,
823 4317 855 4366 p.
876 4301 938 4350 473.
1024 4300 1054 4367 2)
1080 4299 1154 4351 Nim-

85 4382 136 4431 pm.
