2970 4996
234 395 420 449 cenoman
439 395 552 447 REGIA
569 394 807 447 COLONIENSIS
827 394 859 447 A.
881 394 960 446 1136.
982 394 1062 445 1137.
1176 394 1209 444 73

462 566 627 620 Recenaio
647 567 671 618 Ι.
693 568 784 620 codd.
804 566 838 619 A.

164 652 262 718 Circa
282 652 399 718 festum
420 653 649 739 assumptionis
671 663 779 718 sancte
794 654 916 718 Mariae
935 652 1098 739 expeditio
1112 654 1277 739 impe-Aus-
1288 671 1324 712 1⁶·

83 738 205 802 ratoris
226 739 261 801 in
280 737 417 803 Italiam.

161 821 252 886 Inter
275 821 477 886 Sosacienses
503 829 535 884 et
556 821 853 906 llmesbergensesa
882 820 1136 905 depredationes,
1167 823 1212 885 in-
1253 876 1255 881 .

86 905 216 988 cendia,
237 904 412 970 homicidia
433 914 630 986 exercentur,
652 905 782 969 absente
805 905 1005 989 imperatore.

470 985 564 1052 Anno
586 988 719 1053 Domini
742 989 833 1053 1137.
917 1015 920 1022 ·

164 1073 346 1158 Imperator
366 1072 505 1136 natalem
527 1073 671 1154 Domini,
698 1071 844 1136 similiter
873 1079 904 1136 et
925 1072 1076 1158 paschale
1097 1073 1212 1138 festum
1224 1087 1279 1136 Arr·
1290 1089 1325 1129 11·

86 1158 124 1220 in
145 1155 240 1221 Italia
262 1155 410 1239 celebrat,
432 1166 639 1242 pentecosten
659 1178 735 1221 vero
762 1155 849 1242 apud
871 1156 991 1221 Barum
1019 1178 1092 1221 cum
1118 1175 1316 1241 gene-nasso.

85 1239 148 1304 rali
178 1251 337 1306 conventu
359 1241 544 1305 Italicorum
572 1241 764 1326 principum.
806 1239 858 1304 Ibi
880 1240 989 1305 Bruno
1013 1241 1212 1307 coloniensis

86 1325 263 1411 episcopus
291 1323 384 1408 obiit,
415 1325 467 1387 cui
495 1325 594 1410 Hugo
622 1324 762 1389 decanus
785 1324 896 1390 Sancti
916 1325 1004 1390 Petri
1026 1324 1211 1425 [apostolic]

88 1411 261 1492 successit,
307 1409 340 1472 ui
362 1417 394 1473 et
415 1409 484 1493 ipse
505 1417 579 1494 post
600 1429 721 1494 paucos
743 1407 811 1472 dies
838 1407 957 1473 ibidem
980 1408 1078 1492 obnt;
1102 1408 1212 1496 ibique

87 1491 186 1557 ambo
217 1431 336 1556 conditi
362 1493 478 1557 iacent.
576 1491 732 1578 Princeps
755 1490 893 1578 Apuliae
915 1492 1043 1557 Rtizire
1072 1494 1212 1574 nomine,

89 1574 133 1641 ob
170 1577 263 1640 cuius
298 1575 499 1641 insolentiam
537 1577 678 1640 maxime
713 1577 888 1662 imperator
919 1576 1046 1641 ltaliam
1078 1579 1212 1642 intrave-

87 1671 150 1741 rat,
183 1662 296 1726 statuit
327 1669 466 1725 castrum
494 1661 570 1724 satis
599 1662 757 1725 munitum
789 1661 824 1722 in
849 1661 859 1722 i
885 1681 920 1723 so
948 1659 1047 1726 latere
1077 1662 1214 1726 civitatis

87 1744 185 1827 Bare,
212 1745 246 1807 in
268 1744 354 1830 quod
376 1753 515 1808 casuum
537 1742 773 1808 multitudinem
796 1682 976 1829 predonum
991 1744 1213 1825 collocaverat,

88 1829 146 1928 qui
168 1839 254 1894 terra
274 1829 427 1914 marique,
451 1848 580 1914 quoquo
602 1829 757 1912 attingere
775 1836 932 1912 poterant,
954 1827 1106 1893 inauditis
1121 1829 1214 1892 mise-

88 1913 146 1976 nis
169 1923 202 1976 et
222 1910 457 1976 calamitatibus
478 1912 625 1997 regiones
648 1911 880 1997 opprimebant.
927 1909 1031 1976 Simili
1045 1911 1141 1976 modo
1157 1933 1215 1996 per

92 2005 194 2060 totam
214 1997 317 2081 pene‘i
332 1994 458 2060 Italiam
472 1995 600 2060 fecerat.
633 1997 844 2061 Pentecosten
859 1993 1027 2078 celebrato,
1042 1997 1216 2081 imperator

92 2088 255 2144 castrum⁰
277 2101 350 2144 cum
373 2080 517 2144 exercitu
538 2077 644 2161 vallat,
667 2077 754 2164 quod
776 2080 875 2143 nimio
898 2079 1013 2143 sudore
1032 2078 1214 2160 devincens,

90 2165 162 2248 igni
182 2163 282 2228 tradit
302 2162 433 2263 soloque
455 2170 599 2248 coequat.
642 2162 805 2227 Predones
827 2162 1049 2248 comprehensi
1069 2163 1215 2249 suspensi

91 2257 169 2311 sunt
201 2249 287 2312 circa
319 2257 431 2311 turum
464 2257 611 2311 exustam
643 2268 776 2311 numero
810 2248 873 2313 500
898 2245 952 2310 vel
979 2259 1039 2312 e0⁰
1068 2246 1214 2333 amplius.

92 2331 167 2412 Quo
189 2341 309 2396 terrore
332 2332 435 2395 omnis
458 2331 583 2412 civitas,
606 2331 710 2394 omnis
731 2332 865 2395 munitio
886 2353 921 2395 re
944 2332 994 2395 iae
1017 2353 1050 2396 se
1090 2331 1216 2397 otestati

1 2467 2 2478 .
90 2415 201 2479 tradit.
236 2414 365 2480 Exhinc
380 2416 553 2501 imperator
566 2415 599 2478 in
616 2413 818 2479 Calabriamf
831 2415 906 2481 amb
941 2416 1015 2480 avit.
1048 2353 1099 2480 lli
1118 2415 1217 2500 legati

434 2577 598 2629 Receosio
618 2577 659 2629 ΙΙ.
680 2577 773 2628 codd.
792 2577 826 2629 Β.
848 2577 875 2628 0.

158 2669 249 2756 ,Circa
265 2668 362 2720 festum
388 2671 576 2736 assumptionis
602 2674 696 2720 sancte
716 2669 801 2719 Maris
828 2668 969 2735 expedicio
994 2672 1163 2737 imperatoris
1187 2672 1215 2721 in

90 2742 243 2866 Ytahlbier
270 2815 461 2867 Susatiensest
490 2821 517 2867 et
543 2810 798 2888 tirnesbergensesh
829 2815 1048 2881 depredationes,
1079 2814 1214 2880 incendia,

90 2888 242 2939 homicidia
260 2889 366 2948 liunt,
386 2889 496 2960 absente
515 2890 684 2954 imperatore.

426 2955 475 3018 13.
518 2957 613 3018 Anno
635 2955 770 3019 Domini
793 2954 884 3018 1137.

167 3044 317 3110 imperator
335 3044 425 3096 natale
445 3046 554 3095 Domini
574 3050 601 3096 et
620 3045 722 3111 pascha
740 3049 768 3095 in
781 3043 871 3095 Ytalia
891 3043 1019 3108 celebrat,
1040 3050 1215 3111 pentecosten

2 3179 3 3182 Ἴ
88 3133 156 3170 vero
181 3117 253 3184 apud
272 3119 363 3169 Barim
389 3135 449 3169 cum
476 3118 597 3183 generali
623 3124 757 3169 conventu
775 3113 955 3169 Ytalicorumi
975 3120 1134 3185 principum.
1173 3119 1215 3169 Ibi

2 3217 3 3224 ¹
91 3197 255 3248 dominus
276 3199 366 3248 Bruno
395 3198 572 3248 secundus
595 3198 761 3248 coloniensis
783 3198 997 3263 archiepiscopus
1020 3199 1092 3260 obiit,
1124 3194 1156 3248 et
1181 3185 1215 3247 in

2 3284 3 3300 ¹
90 3267 231 3334 ecclesia
265 3267 352 3333 beati
387 3267 545 3354 Nycholai
580 3268 700 3333 ibidem
736 3269 910 3355 honorifice
946 3267 1136 3350 tumulatum
1172 3282 1216 3331 cui

91 3366 240 3416 domnus
262 3367 352 3432 Euge,
382 3366 500 3417 decanus
521 3367 612 3416 Sancti
633 3366 714 3428 Petri,
745 3381 808 3416 succ
827 3366 883 3428 ssit,
912 3360 943 3417 et
970 3352 1011 3416 ab
1039 3349 1214 3437 apostolico
1244 3371 1245 3374 ’

91 3437 282 3503 Innocentio
304 3437 478 3516 ordinatus,
501 3436 614 3502 eodem
637 3458 720 3500 anno
743 3459 785 3500 ex
824 3437 837 3478 l
860 3437 1004 3500 moritur.

167 3528 296 3593 Princeps
320 3528 417 3593 Apulis
443 3520 575 3592 Riitgerus
601 3528 716 3588 nomine,
743 3528 777 3578 ob
804 3527 878 3577 cuins
904 3526 1074 3578 insolentiam
1101 3525 1214 3595 maxime

90 3602 238 3666 imperator
250 3600 366 3652 Ytaliam
385 3602 539 3664 intraverat,
559 3601 651 3651 statuit
670 3605 785 3650 castrum
799 3601 864 3651 satis
877 3601 1005 3650 munitum
1018 3601 1046 3650 in
1059 3601 1118 3665 ipso
1132 3599 1215 3669 latere

92 3674 212 3724 civitatis
232 3674 312 3742 Bare,
327 3676 355 3724 iu
375 3670 464 3740 quod¹
482 3675 614 3744 predones
635 3673 824 3736 collocaverat,
844 3674 891 3739 qui
910 3677 982 3723 terra
1001 3674 1120 3739 marique
1139 3673 1214 3722 inan·

93 3746 157 3798 ditis
177 3745 375 3798 calamitatibus
394 3748 517 3812 regiones
537 3747 732 3820 opprimebant,
770 3746 857 3798 Simili
877 3745 956 3797 modo
976 3752 1126 3812 pertatem
1145 3761 1215 3811 pene

91 3819 209 3870 Ytaliam
218 3825 239 3855 ¹²¹
252 3820 362 3871 fecerat.
391 3821 570 3871 Pentecosten
585 3818 728 3882 celebrato,
738 3821 884 3886 imperator
896 3826 1010 3871 castrum
1022 3835 1081 3870 cum
1096 3820 1216 3870 exercitu

92 3891 186 3955 vallat,
207 3892 279 3958 quod
299 3908 418 3958 magno
438 3892 558 3944 labore
577 3893 731 3963 devincens,
750 3895 808 3957 igni
826 3893 908 3942 tradit
930 3892 1041 3959 soloque
1069 3897 1215 3958 coequatss.

90 3965 230 4017 Predonss
251 3968 436 4036 comprehensi
461 3968 605 4031 snspensi⁰
633 3972 694 4017 sunt
721 3967 793 4016 circa
818 3967 932 4016 tunimo
959 3971 1079 4016 exustam
1105 3980 1214 4016 numero

92 4041 234 4109 quingenti
256 4039 300 4089 vel
320 4055 351 4090 eo
372 4039 495 4105 amplius.
535 4040 593 4102 Quo
613 4045 713 4090 terrore
733 4039 818 4090 omnis
839 4040 933 4089 civitas
953 4045 980 4090 et
999 4042 1084 4090 omnis
1104 4039 1214 4089 munitio

91 4230 115 4280 ι)
132 4229 232 4270 sanese.
249 4229 301 4269 Ar.
361 4226 385 4279 o)
402 4229 457 4268 aar
473 4228 522 4269 ns.
583 4227 603 4280 e)
620 4214 703 4270 asca
719 4230 768 4271 aa.
835 4227 859 4280 a>
876 4229 925 4270 rere
941 4228 990 4270 Ar.
1057 4227 1214 4279 nomm.

90 4289 109 4339 f)
127 4289 240 4330 calabria
255 4288 304 4328 Ar.
321 4302 350 4322 =
366 4287 390 4339 ε)
407 4286 500 4328 Susant.
517 4288 561 4328 01.
607 4286 632 4339 h)
649 4289 851 4338 Arnesbnrgenees
868 4287 943 4329 01.2.
989 4289 1007 4341 t)
1023 4298 1057 4337 pr.
1067 4287 1215 4330 Yt.B1.oa.

90 4347 115 4397 k)
133 4349 189 4388 exul
205 4348 325 4388 ordinatus
341 4357 371 4386 m.
387 4347 430 4388 02.
491 4345 509 4399 1)
526 4358 570 4396 qno
587 4347 630 4387 01.
685 4345 716 4399 m)
732 4348 832 4388 Ytaliam
849 4357 909 4398 pene
926 4349 946 4387 t.
993 4344 1017 4397 n)
1034 4350 1149 4396 coequsnt
1164 4346 1213 4385 Bl.

7 4435 12 4460 ,.
90 4406 249 4458 o)dmt01.
308 4403 440 4456 p)murnm
457 4405 500 4448 02.
