<?xml version="1.0" encoding="UTF-8"?>
<!DOCTYPE html PUBLIC "-//W3C//DTD XHTML 1.0 Transitional//EN"
    "http://www.w3.org/TR/xhtml1/DTD/xhtml1-transitional.dtd">
<html xmlns="http://www.w3.org/1999/xhtml" xml:lang="en" lang="en">
 <head>
  <title>
</title>
<meta http-equiv="Content-Type" content="text/html;charset=utf-8" />
  <meta name='ocr-system' content='tesseract 3.04.00' />
  <meta name='ocr-capabilities' content='ocr_page ocr_carea ocr_par ocr_line ocrx_word'/>
</head>
<body>
  <div class='ocr_page' id='page_1' title='image "./chronicaregiaco01waitgoog_0122.png"; bbox 0 0 2970 4996; ppageno 0'>
   <div class='ocr_carea' id='block_1_1' title="bbox 274 346 1199 403">
    <p class='ocr_par' dir='ltr' id='par_1_1' title="bbox 274 346 1199 403">
     <span class='ocr_line' id='line_1_1' title="bbox 274 346 1199 403; baseline -0.005 -3"><span class='ocrx_word' id='word_1_1' title='bbox 274 350 309 400; x_wconf 78' lang='lat'><strong>90</strong></span> <span class='ocrx_word' id='word_1_2' title='bbox 464 349 652 402; x_wconf 78' lang='lat' dir='ltr'><strong>CHRONIOA</strong></span> <span class='ocrx_word' id='word_1_3' title='bbox 670 349 783 402; x_wconf 81' lang='lat' dir='ltr'><strong>REGIA</strong></span> <span class='ocrx_word' id='word_1_4' title='bbox 802 348 1045 401; x_wconf 80' lang='lat' dir='ltr'>OOLONIENSIS</span> <span class='ocrx_word' id='word_1_5' title='bbox 1065 349 1097 403; x_wconf 90' lang='lat' dir='ltr'><strong>A.</strong></span> <span class='ocrx_word' id='word_1_6' title='bbox 1122 346 1199 396; x_wconf 82' lang='lat'><strong>1153.</strong></span> 
     </span>
    </p>
   </div>
   <div class='ocr_carea' id='block_1_2' title="bbox 641 521 1022 576">
    <p class='ocr_par' dir='ltr' id='par_1_2' title="bbox 641 521 1022 576">
     <span class='ocr_line' id='line_1_2' title="bbox 641 521 1022 576; baseline -0.003 -2"><span class='ocrx_word' id='word_1_7' title='bbox 641 523 809 576; x_wconf 81' lang='lat' dir='ltr'><strong>Bcccnsio</strong></span> <span class='ocrx_word' id='word_1_8' title='bbox 829 522 853 574; x_wconf 88' lang='lat'><strong>1.</strong></span> <span class='ocrx_word' id='word_1_9' title='bbox 874 525 969 575; x_wconf 83' lang='lat' dir='ltr'><em>codd.</em></span> <span class='ocrx_word' id='word_1_10' title='bbox 990 521 1022 574; x_wconf 86' lang='lat' dir='ltr'><strong>A.</strong></span> 
     </span>
    </p>
   </div>
   <div class='ocr_carea' id='block_1_3' title="bbox 273 606 1404 960">
    <p class='ocr_par' dir='ltr' id='par_1_3' title="bbox 273 606 1404 960">
     <span class='ocr_line' id='line_1_3' title="bbox 273 606 1399 691; baseline -0.004 -19"><span class='ocrx_word' id='word_1_11' title='bbox 273 607 391 691; x_wconf 84' lang='lat' dir='ltr'><strong>nard03</strong></span> <span class='ocrx_word' id='word_1_12' title='bbox 420 609 453 671; x_wconf 92' lang='lat' dir='ltr'><strong>in</strong></span> <span class='ocrx_word' id='word_1_13' title='bbox 483 609 574 673; x_wconf 90' lang='lat' dir='ltr'><strong>cuius</strong></span> <span class='ocrx_word' id='word_1_14' title='bbox 603 608 710 673; x_wconf 90' lang='lat' dir='ltr'><strong>locum</strong></span> <span class='ocrx_word' id='word_1_15' title='bbox 740 631 798 674; x_wconf 88' lang='lat' dir='ltr'><strong>rex</strong></span> <span class='ocrx_word' id='word_1_16' title='bbox 826 607 1005 673; x_wconf 90' lang='lat' dir='ltr'><strong>Amoldum</strong></span> <span class='ocrx_word' id='word_1_17' title='bbox 1034 606 1260 674; x_wconf 88' lang='lat' dir='ltr'><strong>cancellarium</strong></span> <span class='ocrx_word' id='word_1_18' title='bbox 1296 627 1399 670; x_wconf 90' lang='lat' dir='ltr'><strong>suum</strong></span> 
     </span>
     <span class='ocr_line' id='line_1_4' title="bbox 274 687 1401 779; baseline -0.004 -21"><span class='ocrx_word' id='word_1_19' title='bbox 274 692 446 758; x_wconf 82' lang='lat' dir='ltr'><strong>substituit.</strong></span> <span class='ocrx_word' id='word_1_20' title='bbox 497 691 674 758; x_wconf 89' lang='lat' dir='ltr'><strong>Mindensis</strong></span> <span class='ocrx_word' id='word_1_21' title='bbox 704 715 831 779; x_wconf 90' lang='lat' dir='ltr'><strong>quoque</strong></span> <span class='ocrx_word' id='word_1_22' title='bbox 853 695 1023 779; x_wconf 88' lang='lat' dir='ltr'><strong>episcopus</strong></span> <span class='ocrx_word' id='word_1_23' title='bbox 1044 692 1227 774; x_wconf 87' lang='lat' dir='ltr'><strong>Heinricus,</strong></span> <span class='ocrx_word' id='word_1_24' title='bbox 1249 711 1309 776; x_wconf 91' lang='lat' dir='ltr'><strong>pro</strong></span> <span class='ocrx_word' id='word_1_25' title='bbox 1338 687 1401 754; x_wconf 92' lang='lat' dir='ltr'><strong>ob·</strong></span> 
     </span>
     <span class='ocr_line' id='line_1_5' title="bbox 275 776 1403 863; baseline -0.005 -20"><span class='ocrx_word' id='word_1_26' title='bbox 275 778 438 844; x_wconf 70' lang='lat' dir='ltr'><strong>conatione</strong></span> <span class='ocrx_word' id='word_1_27' title='bbox 471 776 638 840; x_wconf 86' lang='lat' dir='ltr'><strong>cuiusdam</strong></span> <span class='ocrx_word' id='word_1_28' title='bbox 672 776 778 842; x_wconf 87' lang='lat' dir='ltr'><strong>clerici</strong></span> <span class='ocrx_word' id='word_1_29' title='bbox 813 799 887 842; x_wconf 91' lang='lat' dir='ltr'><strong>cum</strong></span> <span class='ocrx_word' id='word_1_30' title='bbox 916 798 951 842; x_wconf 88' lang='lat' dir='ltr'><strong>se</strong></span> <span class='ocrx_word' id='word_1_31' title='bbox 979 799 1160 863; x_wconf 86' lang='lat' dir='ltr'><strong>expurgare</strong></span> <span class='ocrx_word' id='word_1_32' title='bbox 1189 797 1253 839; x_wconf 88' lang='lat' dir='ltr'><strong>non</strong></span> <span class='ocrx_word' id='word_1_33' title='bbox 1299 783 1403 855; x_wconf 88' lang='lat' dir='ltr'><strong>osset,</strong></span> 
     </span>
     <span class='ocr_line' id='line_1_6' title="bbox 273 797 1404 960; baseline -0.006 -33"><span class='ocrx_word' id='word_1_34' title='bbox 273 861 462 927; x_wconf 85' lang='lat' dir='ltr'><strong>auctoritate</strong></span> <span class='ocrx_word' id='word_1_35' title='bbox 484 861 622 946; x_wconf 84' lang='lat' dir='ltr'><strong>Eugenii</strong></span> <span class='ocrx_word' id='word_1_36' title='bbox 643 882 747 960; x_wconf 86' lang='lat' dir='ltr'><strong>papae</strong></span> <span class='ocrx_word' id='word_1_37' title='bbox 763 861 937 948; x_wconf 89' lang='lat' dir='ltr'><strong>depositus,</strong></span> <span class='ocrx_word' id='word_1_38' title='bbox 960 861 1046 925; x_wconf 92' lang='lat' dir='ltr'><strong>etin</strong></span> <span class='ocrx_word' id='word_1_39' title='bbox 1073 859 1259 926; x_wconf 88' lang='lat' dir='ltr'><strong>monachico</strong></span> <span class='ocrx_word' id='word_1_40' title='bbox 1274 797 1404 925; x_wconf 69' lang='lat' dir='ltr'><strong>babitu</strong></span> 
     </span>
    </p>
   </div>
   <div class='ocr_carea' id='block_1_4' title="bbox 274 942 1404 1212">
    <p class='ocr_par' dir='ltr' id='par_1_4' title="bbox 274 942 1404 1212">
     <span class='ocr_line' id='line_1_7' title="bbox 274 942 1404 1044; baseline -0.004 -36"><span class='ocrx_word' id='word_1_41' title='bbox 274 967 375 1044; x_wconf 80' lang='lat' dir='ltr'><strong>usque</strong></span> <span class='ocrx_word' id='word_1_42' title='bbox 404 944 446 1009; x_wconf 92' lang='lat' dir='ltr'><strong>ad</strong></span> <span class='ocrx_word' id='word_1_43' title='bbox 475 947 644 1010; x_wconf 90' lang='lat' dir='ltr'><strong>terminum</strong></span> <span class='ocrx_word' id='word_1_44' title='bbox 667 955 751 1011; x_wconf 76' lang='lat' dir='ltr'><strong>ntae</strong></span> <span class='ocrx_word' id='word_1_45' title='bbox 772 945 912 1032; x_wconf 83' lang='lat' dir='ltr'><strong>perstitit</strong></span> <span class='ocrx_word' id='word_1_46' title='bbox 932 946 967 1008; x_wconf 93' lang='lat' dir='ltr'><strong>in</strong></span> <span class='ocrx_word' id='word_1_47' title='bbox 987 944 1098 1010; x_wconf 87' lang='lat' dir='ltr'><strong>Insula</strong></span> <span class='ocrx_word' id='word_1_48' title='bbox 1118 945 1220 1032; x_wconf 89' lang='lat' dir='ltr'><strong>ipsius</strong></span> <span class='ocrx_word' id='word_1_49' title='bbox 1242 942 1404 1023; x_wconf 91' lang='lat' dir='ltr'><strong>civitatis,</strong></span> 
     </span>
     <span class='ocr_line' id='line_1_8' title="bbox 274 1027 1162 1178; baseline -0.001 -84"><span class='ocrx_word' id='word_1_50' title='bbox 274 1029 330 1094; x_wconf 95' lang='lat' dir='ltr'><strong>ub1</strong></span> <span class='ocrx_word' id='word_1_51' title='bbox 353 1028 515 1178; x_wconf 47' lang='lat' dir='ltr'><strong>(piendam</strong></span> <span class='ocrx_word' id='word_1_52' title='bbox 536 1027 769 1130; x_wconf 77' lang='lat' dir='ltr'><strong>abbasfuerat.</strong></span> <span class='ocrx_word' id='word_1_53' title='bbox 1059 1114 1066 1128; x_wconf 31' lang='grc' dir='ltr'>ι</span> <span class='ocrx_word' id='word_1_54' title='bbox 1144 1113 1162 1127; x_wconf 90' lang='lat'><strong>..</strong></span> 
     </span>
     <span class='ocr_line' id='line_1_9' title="bbox 387 1110 1403 1212; baseline 0 -37"><span class='ocrx_word' id='word_1_55' title='bbox 387 1134 472 1176; x_wconf 93' lang='lat' dir='ltr'><strong>uono</strong></span> <span class='ocrx_word' id='word_1_56' title='bbox 484 1125 491 1158; x_wconf 93' lang='lat'><strong>¹</strong></span> <span class='ocrx_word' id='word_1_57' title='bbox 505 1113 765 1200; x_wconf 81' lang='lat' dir='ltr'><strong>archieprscopns</strong></span> <span class='ocrx_word' id='word_1_58' title='bbox 777 1113 1084 1212; x_wconf 73' lang='lat' dir='ltr'><strong>Magadeburgensrs</strong></span> <span class='ocrx_word' id='word_1_59' title='bbox 1100 1113 1187 1192; x_wconf 88' lang='lat' dir='ltr'><strong>obnt,</strong></span> <span class='ocrx_word' id='word_1_60' title='bbox 1210 1121 1262 1177; x_wconf 73' lang='lat' dir='ltr'><strong>et·</strong></span> <span class='ocrx_word' id='word_1_61' title='bbox 1274 1110 1403 1176; x_wconf 87' lang='lat' dir='ltr'><strong>electus</strong></span> 
     </span>
    </p>
   </div>
   <div class='ocr_carea' id='block_1_5' title="bbox 151 1196 1473 2204">
    <p class='ocr_par' dir='ltr' id='par_1_5' title="bbox 273 1196 1404 1368">
     <span class='ocr_line' id='line_1_10' title="bbox 274 1196 1404 1284; baseline -0.002 -22"><span class='ocrx_word' id='word_1_62' title='bbox 274 1205 323 1262; x_wconf 90' lang='lat' dir='ltr'><strong>est</strong></span> <span class='ocrx_word' id='word_1_63' title='bbox 338 1196 532 1278; x_wconf 81' lang='lat' dir='ltr'><strong>Gerhardus,</strong></span> <span class='ocrx_word' id='word_1_64' title='bbox 554 1199 657 1262; x_wconf 88' lang='lat' dir='ltr'><strong>maior</strong></span> <span class='ocrx_word' id='word_1_65' title='bbox 678 1201 873 1284; x_wconf 83' lang='lat' dir='ltr'><strong>prepositus3</strong></span> <span class='ocrx_word' id='word_1_66' title='bbox 897 1206 945 1262; x_wconf 88' lang='lat' dir='ltr'><strong>set</strong></span> <span class='ocrx_word' id='word_1_67' title='bbox 959 1207 1132 1283; x_wconf 76' lang='lat' dir='ltr'><strong>imperator</strong></span> <span class='ocrx_word' id='word_1_68' title='bbox 1143 1196 1404 1262; x_wconf 89' lang='lat' dir='ltr'><strong>Wichmannum</strong></span> 
     </span>
     <span class='ocr_line' id='line_1_11' title="bbox 273 1280 906 1368; baseline 0.006 -24"><span class='ocrx_word' id='word_1_69' title='bbox 273 1280 442 1345; x_wconf 86' lang='lat' dir='ltr'><strong>Zizensem</strong></span> <span class='ocrx_word' id='word_1_70' title='bbox 463 1284 650 1367; x_wconf 91' lang='lat' dir='ltr'><strong>episcopum</strong></span> <span class='ocrx_word' id='word_1_71' title='bbox 673 1284 718 1347; x_wconf 88' lang='lat' dir='ltr'><strong>eis</strong></span> <span class='ocrx_word' id='word_1_72' title='bbox 740 1282 875 1368; x_wconf 87' lang='lat' dir='ltr'><strong>prefecit</strong></span> <span class='ocrx_word' id='word_1_73' title='bbox 884 1293 906 1348; x_wconf 85' lang='lat'><strong>².</strong></span> 
     </span>
    </p>

    <p class='ocr_par' dir='ltr' id='par_1_6' title="bbox 274 1362 1473 1874">
     <span class='ocr_line' id='line_1_12' title="bbox 351 1362 1402 1466; baseline -0.003 -37"><span class='ocrx_word' id='word_1_74' title='bbox 351 1362 526 1429; x_wconf 68' lang='lat' dir='ltr'><strong>Coloniaea</strong></span> <span class='ocrx_word' id='word_1_75' title='bbox 549 1364 679 1450; x_wconf 90' lang='lat' dir='ltr'><strong>quidam</strong></span> <span class='ocrx_word' id='word_1_76' title='bbox 701 1368 841 1432; x_wconf 82' lang='lat' dir='ltr'><strong>Iudeusa</strong></span> <span class='ocrx_word' id='word_1_77' title='bbox 871 1377 932 1432; x_wconf 68' lang='lat' dir='ltr'><strong>ena</strong></span> <span class='ocrx_word' id='word_1_78' title='bbox 947 1375 1059 1466; x_wconf 73' lang='lat' dir='ltr'><strong>patre⁸</strong></span> <span class='ocrx_word' id='word_1_79' title='bbox 1080 1365 1212 1447; x_wconf 73' lang='lat' dir='ltr'><strong>Iude0⁸,</strong></span> <span class='ocrx_word' id='word_1_80' title='bbox 1228 1373 1296 1428; x_wconf 63' lang='lat' dir='ltr'><strong>seta</strong></span> <span class='ocrx_word' id='word_1_81' title='bbox 1319 1384 1402 1428; x_wconf 91' lang='lat' dir='ltr'><strong>con-</strong></span> 
     </span>
     <span class='ocr_line' id='line_1_13' title="bbox 274 1448 1403 1537; baseline 0 -26"><span class='ocrx_word' id='word_1_82' title='bbox 274 1459 396 1530; x_wconf 62' lang='lat' dir='ltr'><strong>versofl,</strong></span> <span class='ocrx_word' id='word_1_83' title='bbox 420 1449 497 1512; x_wconf 92' lang='lat' dir='ltr'><strong>dum</strong></span> <span class='ocrx_word' id='word_1_84' title='bbox 518 1448 552 1511; x_wconf 91' lang='lat' dir='ltr'><strong>in</strong></span> <span class='ocrx_word' id='word_1_85' title='bbox 579 1449 700 1534; x_wconf 89' lang='lat' dir='ltr'><strong>pascha</strong></span> <span class='ocrx_word' id='word_1_86' title='bbox 722 1474 839 1537; x_wconf 87' lang='lat' dir='ltr'><strong>corpus</strong></span> <span class='ocrx_word' id='word_1_87' title='bbox 865 1451 998 1516; x_wconf 90' lang='lat' dir='ltr'><strong>Dommi</strong></span> <span class='ocrx_word' id='word_1_88' title='bbox 1029 1458 1176 1513; x_wconf 82' lang='lat' dir='ltr'><strong>oretenus</strong></span> <span class='ocrx_word' id='word_1_89' title='bbox 1208 1450 1403 1532; x_wconf 87' lang='lat' dir='ltr'><strong>susciperet,</strong></span> 
     </span>
     <span class='ocr_line' id='line_1_14' title="bbox 275 1531 1403 1634; baseline 0.001 -39"><span class='ocrx_word' id='word_1_90' title='bbox 275 1531 440 1597; x_wconf 84' lang='lat' dir='ltr'><strong>ecclesiam</strong></span> <span class='ocrx_word' id='word_1_91' title='bbox 462 1555 617 1618; x_wconf 86' lang='lat' dir='ltr'><strong>egressus,</strong></span> <span class='ocrx_word' id='word_1_92' title='bbox 639 1534 672 1597; x_wconf 91' lang='lat' dir='ltr'><strong>in</strong></span> <span class='ocrx_word' id='word_1_93' title='bbox 695 1535 850 1601; x_wconf 89' lang='lat' dir='ltr'><strong>cimiterio</strong></span> <span class='ocrx_word' id='word_1_94' title='bbox 872 1535 969 1600; x_wconf 90' lang='lat' dir='ltr'><strong>humo</strong></span> <span class='ocrx_word' id='word_1_95' title='bbox 990 1535 1123 1634; x_wconf 90' lang='lat' dir='ltr'><strong>operuit.</strong></span> <span class='ocrx_word' id='word_1_96' title='bbox 1157 1533 1403 1620; x_wconf 82' lang='lat' dir='ltr'><strong>Superveniens</strong></span> 
     </span>
     <span class='ocr_line' id='line_1_15' title="bbox 274 1617 1473 1705; baseline 0.001 -26"><span class='ocrx_word' id='word_1_97' title='bbox 274 1637 351 1680; x_wconf 89' lang='lat' dir='ltr'><strong>vero</strong></span> <span class='ocrx_word' id='word_1_98' title='bbox 374 1617 521 1682; x_wconf 91' lang='lat' dir='ltr'><strong>sacerdos</strong></span> <span class='ocrx_word' id='word_1_99' title='bbox 542 1617 663 1682; x_wconf 82' lang='lat' dir='ltr'><strong>fossam</strong></span> <span class='ocrx_word' id='word_1_100' title='bbox 685 1622 841 1705; x_wconf 87' lang='lat' dir='ltr'><strong>aperiens,</strong></span> <span class='ocrx_word' id='word_1_101' title='bbox 856 1619 991 1684; x_wconf 85' lang='lat' dir='ltr'><strong>formam</strong></span> <span class='ocrx_word' id='word_1_102' title='bbox 1005 1618 1135 1683; x_wconf 85' lang='lat' dir='ltr'><strong>mlantis</strong></span> <span class='ocrx_word' id='word_1_103' title='bbox 1150 1618 1281 1700; x_wconf 89' lang='lat' dir='ltr'><strong>invenit,</strong></span> <span class='ocrx_word' id='word_1_104' title='bbox 1298 1638 1403 1702; x_wconf 89' lang='lat' dir='ltr'><strong>quam</strong></span> <span class='ocrx_word' id='word_1_105' title='bbox 1470 1669 1473 1690; x_wconf 71' lang='lat'><strong>,</strong></span> 
     </span>
     <span class='ocr_line' id='line_1_16' title="bbox 275 1700 1473 1788; baseline 0.003 -25"><span class='ocrx_word' id='word_1_106' title='bbox 275 1721 349 1764; x_wconf 91' lang='lat' dir='ltr'><strong>cum</strong></span> <span class='ocrx_word' id='word_1_107' title='bbox 371 1700 412 1765; x_wconf 88' lang='lat' dir='ltr'><strong>ad</strong></span> <span class='ocrx_word' id='word_1_108' title='bbox 434 1700 602 1766; x_wconf 88' lang='lat' dir='ltr'><strong>ecclesiam</strong></span> <span class='ocrx_word' id='word_1_109' title='bbox 625 1715 788 1788; x_wconf 87' lang='lat' dir='ltr'><strong>reportare</strong></span> <span class='ocrx_word' id='word_1_110' title='bbox 815 1703 919 1783; x_wconf 87' lang='lat' dir='ltr'><strong>vellet,</strong></span> <span class='ocrx_word' id='word_1_111' title='bbox 946 1704 1004 1769; x_wconf 89' lang='lat' dir='ltr'><strong>lux</strong></span> <span class='ocrx_word' id='word_1_112' title='bbox 1033 1700 1165 1768; x_wconf 90' lang='lat' dir='ltr'><strong>caelitus</strong></span> <span class='ocrx_word' id='word_1_113' title='bbox 1193 1701 1333 1783; x_wconf 88' lang='lat' dir='ltr'><strong>advenit,</strong></span> <span class='ocrx_word' id='word_1_114' title='bbox 1365 1711 1403 1766; x_wconf 88' lang='lat' dir='ltr'><strong>et</strong></span> <span class='ocrx_word' id='word_1_115' title='bbox 1471 1727 1473 1754; x_wconf 62' lang='lat'>³</span> 
     </span>
     <span class='ocr_line' id='line_1_17' title="bbox 274 1784 1218 1874; baseline 0.003 -27"><span class='ocrx_word' id='word_1_116' title='bbox 274 1805 346 1848; x_wconf 91' lang='lat' dir='ltr'><strong>cum</strong></span> <span class='ocrx_word' id='word_1_117' title='bbox 368 1785 480 1850; x_wconf 91' lang='lat' dir='ltr'><strong>eadem</strong></span> <span class='ocrx_word' id='word_1_118' title='bbox 501 1784 573 1850; x_wconf 86' lang='lat' dir='ltr'><strong>luce</strong></span> <span class='ocrx_word' id='word_1_119' title='bbox 594 1788 743 1853; x_wconf 90' lang='lat' dir='ltr'><strong>manibus</strong></span> <span class='ocrx_word' id='word_1_120' title='bbox 765 1789 833 1853; x_wconf 90' lang='lat' dir='ltr'><strong>eius</strong></span> <span class='ocrx_word' id='word_1_121' title='bbox 856 1787 963 1874; x_wconf 87' lang='lat' dir='ltr'><strong>elapsa</strong></span> <span class='ocrx_word' id='word_1_122' title='bbox 986 1787 1090 1852; x_wconf 86' lang='lat' dir='ltr'><strong>caelos</strong></span> <span class='ocrx_word' id='word_1_123' title='bbox 1118 1787 1218 1872; x_wconf 87' lang='lat' dir='ltr'><strong>petiit.</strong></span> 
     </span>
    </p>

    <p class='ocr_par' dir='ltr' id='par_1_7' title="bbox 151 1868 1401 2043">
     <span class='ocr_line' id='line_1_18' title="bbox 161 1868 1302 1958; baseline 0.004 -29"><span class='ocrx_word' id='word_1_124' title='bbox 161 1889 212 1930; x_wconf 73' lang='lat' dir='ltr'><strong>ran.</strong></span> <span class='ocrx_word' id='word_1_125' title='bbox 228 1889 263 1932; x_wconf 83' lang='lat' dir='ltr'><strong>ss.</strong></span> <span class='ocrx_word' id='word_1_126' title='bbox 352 1869 382 1933; x_wconf 83' lang='grc'><strong>7.</strong></span> <span class='ocrx_word' id='word_1_127' title='bbox 403 1868 575 1935; x_wconf 88' lang='lat' dir='ltr'><strong>Kal.Febr.</strong></span> <span class='ocrx_word' id='word_1_128' title='bbox 597 1870 681 1935; x_wconf 82' lang='lat' dir='ltr'><strong>facta</strong></span> <span class='ocrx_word' id='word_1_129' title='bbox 703 1882 753 1937; x_wconf 91' lang='lat' dir='ltr'><strong>est</strong></span> <span class='ocrx_word' id='word_1_130' title='bbox 774 1872 900 1958; x_wconf 82' lang='lat' dir='ltr'><strong>eclipsis</strong></span> <span class='ocrx_word' id='word_1_131' title='bbox 922 1870 997 1936; x_wconf 88' lang='lat' dir='ltr'><strong>solis</strong></span> <span class='ocrx_word' id='word_1_132' title='bbox 1020 1872 1106 1936; x_wconf 89' lang='lat' dir='ltr'><strong>circa</strong></span> <span class='ocrx_word' id='word_1_133' title='bbox 1127 1872 1302 1936; x_wconf 88' lang='lat' dir='ltr'><strong>meridiem.</strong></span> 
     </span>
     <span class='ocr_line' id='line_1_19' title="bbox 151 1953 1401 2043; baseline -0.001 -24"><span class='ocrx_word' id='word_1_134' title='bbox 151 1965 208 2019; x_wconf 66' lang='lat' dir='ltr'><strong>repr.</strong></span> <span class='ocrx_word' id='word_1_135' title='bbox 227 1968 263 2008; x_wconf 86' lang='lat'><strong>1⁰·</strong></span> <span class='ocrx_word' id='word_1_136' title='bbox 352 1954 474 2033; x_wconf 73' lang='lat' dir='ltr'><strong>Quarto</strong></span> <span class='ocrx_word' id='word_1_137' title='bbox 485 1954 562 2018; x_wconf 92' lang='lat' dir='ltr'><strong>Idus</strong></span> <span class='ocrx_word' id='word_1_138' title='bbox 575 1953 794 2041; x_wconf 84' lang='lat' dir='ltr'><strong>Septembris³</strong></span> <span class='ocrx_word' id='word_1_139' title='bbox 818 1966 912 2043; x_wconf 85' lang='lat' dir='ltr'><strong>capta</strong></span> <span class='ocrx_word' id='word_1_140' title='bbox 923 1966 971 2022; x_wconf 91' lang='lat' dir='ltr'><strong>est</strong></span> <span class='ocrx_word' id='word_1_141' title='bbox 981 1955 1162 2021; x_wconf 80' lang='lat' dir='ltr'><strong>Ascalonab</strong></span> <span class='ocrx_word' id='word_1_142' title='bbox 1174 1979 1193 2020; x_wconf 95' lang='lat' dir='ltr'><strong>a</strong></span> <span class='ocrx_word' id='word_1_143' title='bbox 1205 1954 1401 2020; x_wconf 89' lang='lat' dir='ltr'><strong>christianis.</strong></span> 
     </span>
    </p>

    <p class='ocr_par' dir='ltr' id='par_1_8' title="bbox 347 2037 1400 2125">
     <span class='ocr_line' id='line_1_20' title="bbox 347 2037 1400 2125; baseline 0.002 -25"><span class='ocrx_word' id='word_1_144' title='bbox 347 2037 513 2122; x_wconf 85' lang='lat' dir='ltr'><strong>Eugenius</strong></span> <span class='ocrx_word' id='word_1_145' title='bbox 534 2059 620 2123; x_wconf 87' lang='lat' dir='ltr'><strong>papa</strong></span> <span class='ocrx_word' id='word_1_146' title='bbox 641 2038 742 2104; x_wconf 85' lang='lat' dir='ltr'><strong>felicis</strong></span> <span class='ocrx_word' id='word_1_147' title='bbox 757 2041 929 2106; x_wconf 83' lang='lat' dir='ltr'><strong>memoriae</strong></span> <span class='ocrx_word' id='word_1_148' title='bbox 952 2040 1044 2124; x_wconf 80' lang='lat' dir='ltr'><strong>obiit3</strong></span> <span class='ocrx_word' id='word_1_149' title='bbox 1061 2042 1113 2105; x_wconf 90' lang='lat' dir='ltr'><strong>cui</strong></span> <span class='ocrx_word' id='word_1_150' title='bbox 1124 2040 1324 2122; x_wconf 82' lang='lat' dir='ltr'><strong>Anastasius,</strong></span> <span class='ocrx_word' id='word_1_151' title='bbox 1341 2038 1400 2125; x_wconf 90' lang='lat' dir='ltr'><strong>qui</strong></span> 
     </span>
    </p>

    <p class='ocr_par' dir='ltr' id='par_1_9' title="bbox 276 2119 693 2204">
     <span class='ocr_line' id='line_1_21' title="bbox 276 2119 693 2204; baseline 0.007 -20"><span class='ocrx_word' id='word_1_152' title='bbox 276 2130 307 2185; x_wconf 87' lang='lat' dir='ltr'><strong>et</strong></span> <span class='ocrx_word' id='word_1_153' title='bbox 330 2119 509 2204; x_wconf 85' lang='lat' dir='ltr'><strong>Ounradus,</strong></span> <span class='ocrx_word' id='word_1_154' title='bbox 530 2124 693 2187; x_wconf 88' lang='lat' dir='ltr'><strong>successit.</strong></span> 
     </span>
    </p>
   </div>
   <div class='ocr_carea' id='block_1_6' title="bbox 625 2305 1054 2360">
    <p class='ocr_par' dir='ltr' id='par_1_10' title="bbox 625 2305 1054 2360">
     <span class='ocr_line' id='line_1_22' title="bbox 625 2305 1054 2360; baseline 0.007 -4"><span class='ocrx_word' id='word_1_155' title='bbox 625 2305 785 2359; x_wconf 81' lang='lat' dir='ltr'><strong>Recensic</strong></span> <span class='ocrx_word' id='word_1_156' title='bbox 805 2307 846 2360; x_wconf 92' lang='grc' dir='ltr'><strong>ΙΙ.</strong></span> <span class='ocrx_word' id='word_1_157' title='bbox 867 2307 1003 2360; x_wconf 78' lang='lat' dir='ltr'><strong>coddB.</strong></span> <span class='ocrx_word' id='word_1_158' title='bbox 1028 2305 1054 2359; x_wconf 85' lang='lat'><strong>0.</strong></span> 
     </span>
    </p>
   </div>
   <div class='ocr_carea' id='block_1_7' title="bbox 276 2389 1401 3895">
    <p class='ocr_par' dir='ltr' id='par_1_11' title="bbox 276 2389 1401 3065">
     <span class='ocr_line' id='line_1_23' title="bbox 278 2389 1400 2478; baseline -0.004 -22"><span class='ocrx_word' id='word_1_159' title='bbox 278 2389 402 2456; x_wconf 91' lang='lat' dir='ltr'><strong>duobus</strong></span> <span class='ocrx_word' id='word_1_160' title='bbox 438 2389 663 2472; x_wconf 83' lang='lat' dir='ltr'><strong>cardinalibus,</strong></span> <span class='ocrx_word' id='word_1_161' title='bbox 694 2393 852 2478; x_wconf 79' lang='lat' dir='ltr'><strong>Gregorio</strong></span> <span class='ocrx_word' id='word_1_162' title='bbox 889 2393 1010 2458; x_wconf 91' lang='lat' dir='ltr'><strong>scilicet</strong></span> <span class='ocrx_word' id='word_1_163' title='bbox 1044 2401 1076 2457; x_wconf 88' lang='lat' dir='ltr'><strong>et</strong></span> <span class='ocrx_word' id='word_1_164' title='bbox 1101 2390 1305 2474; x_wconf 85' lang='lat' dir='ltr'><strong>Bemhardo;</strong></span> <span class='ocrx_word' id='word_1_165' title='bbox 1342 2391 1400 2453; x_wconf 85' lang='lat' dir='ltr'><strong>cui</strong></span> 
     </span>
     <span class='ocr_line' id='line_1_24' title="bbox 278 2473 1398 2562; baseline -0.002 -22"><span class='ocrx_word' id='word_1_166' title='bbox 278 2475 469 2540; x_wconf 88' lang='lat' dir='ltr'><strong>substitutus</strong></span> <span class='ocrx_word' id='word_1_167' title='bbox 485 2484 533 2540; x_wconf 91' lang='lat' dir='ltr'><strong>est</strong></span> <span class='ocrx_word' id='word_1_168' title='bbox 547 2473 720 2557; x_wconf 87' lang='lat' dir='ltr'><strong>Arnoldus,</strong></span> <span class='ocrx_word' id='word_1_169' title='bbox 742 2478 827 2562; x_wconf 82' lang='lat' dir='ltr'><strong>regis</strong></span> <span class='ocrx_word' id='word_1_170' title='bbox 850 2475 1056 2541; x_wconf 87' lang='lat' dir='ltr'><strong>cancellarius</strong></span> <span class='ocrx_word' id='word_1_171' title='bbox 1079 2485 1111 2540; x_wconf 89' lang='lat' dir='ltr'><strong>et</strong></span> <span class='ocrx_word' id='word_1_172' title='bbox 1132 2475 1292 2560; x_wconf 84' lang='lat' dir='ltr'><strong>Aquensis</strong></span> <span class='ocrx_word' id='word_1_173' title='bbox 1320 2496 1398 2559; x_wconf 88' lang='lat' dir='ltr'><strong>pre-</strong></span> 
     </span>
     <span class='ocr_line' id='line_1_25' title="bbox 276 2559 1401 2648; baseline -0.001 -26"><span class='ocrx_word' id='word_1_174' title='bbox 276 2560 408 2646; x_wconf 88' lang='lat' dir='ltr'><strong>positus.</strong></span> <span class='ocrx_word' id='word_1_175' title='bbox 452 2559 533 2624; x_wconf 91' lang='lat' dir='ltr'><strong>Item</strong></span> <span class='ocrx_word' id='word_1_176' title='bbox 556 2559 727 2625; x_wconf 88' lang='lat' dir='ltr'><strong>Heinricus</strong></span> <span class='ocrx_word' id='word_1_177' title='bbox 749 2561 926 2626; x_wconf 89' lang='lat' dir='ltr'><strong>Mindensis</strong></span> <span class='ocrx_word' id='word_1_178' title='bbox 948 2561 1149 2648; x_wconf 52' lang='lat' dir='ltr'><strong>episcopum,</strong></span> <span class='ocrx_word' id='word_1_179' title='bbox 1165 2561 1241 2625; x_wconf 92' lang='lat' dir='ltr'><strong>dum</strong></span> <span class='ocrx_word' id='word_1_180' title='bbox 1263 2566 1401 2644; x_wconf 88' lang='lat' dir='ltr'><strong>propter</strong></span> 
     </span>
     <span class='ocr_line' id='line_1_26' title="bbox 278 2642 1399 2730; baseline -0.001 -22"><span class='ocrx_word' id='word_1_181' title='bbox 278 2642 429 2708; x_wconf 86' lang='lat' dir='ltr'><strong>clericum</strong></span> <span class='ocrx_word' id='word_1_182' title='bbox 458 2643 628 2728; x_wconf 88' lang='lat' dir='ltr'><strong>quendam,</strong></span> <span class='ocrx_word' id='word_1_183' title='bbox 643 2646 707 2730; x_wconf 49' lang='lat' dir='ltr'><strong>,qui</strong></span> <span class='ocrx_word' id='word_1_184' title='bbox 729 2646 763 2708; x_wconf 92' lang='lat' dir='ltr'><strong>in</strong></span> <span class='ocrx_word' id='word_1_185' title='bbox 793 2648 920 2710; x_wconf 87' lang='lat' dir='ltr'><strong>civitate</strong></span> <span class='ocrx_word' id='word_1_186' title='bbox 941 2668 961 2709; x_wconf 88' lang='lat' dir='ltr'><strong>a</strong></span> <span class='ocrx_word' id='word_1_187' title='bbox 987 2646 1061 2722; x_wconf 90' lang='lat' dir='ltr'><strong>suis,</strong></span> <span class='ocrx_word' id='word_1_188' title='bbox 1083 2645 1153 2729; x_wconf 90' lang='lat' dir='ltr'><strong>ipso</strong></span> <span class='ocrx_word' id='word_1_189' title='bbox 1177 2643 1399 2708; x_wconf 88' lang='lat' dir='ltr'><strong>consentiente</strong></span> 
     </span>
     <span class='ocr_line' id='line_1_27' title="bbox 277 2725 1398 2815; baseline 0 -25"><span class='ocrx_word' id='word_1_190' title='bbox 277 2735 314 2791; x_wconf 87' lang='lat' dir='ltr'><strong>ut</strong></span> <span class='ocrx_word' id='word_1_191' title='bbox 347 2725 521 2810; x_wconf 89' lang='lat' dir='ltr'><strong>dicebatur,</strong></span> <span class='ocrx_word' id='word_1_192' title='bbox 555 2726 682 2792; x_wconf 77' lang='lat' dir='ltr'><strong>cecat&#39;us</strong></span> <span class='ocrx_word' id='word_1_193' title='bbox 696 2729 807 2811; x_wconf 84' lang='lat' dir='ltr'><strong>fuerat,</strong></span> <span class='ocrx_word' id='word_1_194' title='bbox 826 2751 1007 2815; x_wconf 84' lang='lat' dir='ltr'><strong>expurgare</strong></span> <span class='ocrx_word' id='word_1_195' title='bbox 1022 2751 1057 2792; x_wconf 89' lang='lat' dir='ltr'><strong>se</strong></span> <span class='ocrx_word' id='word_1_196' title='bbox 1071 2750 1136 2791; x_wconf 90' lang='lat' dir='ltr'><strong>non</strong></span> <span class='ocrx_word' id='word_1_197' title='bbox 1150 2735 1268 2814; x_wconf 89' lang='lat' dir='ltr'><strong>posset,</strong></span> <span class='ocrx_word' id='word_1_198' title='bbox 1284 2726 1398 2790; x_wconf 90' lang='lat' dir='ltr'><strong>multis</strong></span> 
     </span>
     <span class='ocr_line' id='line_1_28' title="bbox 277 2811 1399 2957; baseline -0.002 -82"><span class='ocrx_word' id='word_1_199' title='bbox 277 2819 440 2897; x_wconf 79' lang='lat' dir='ltr'><strong>pertesus⁰</strong></span> <span class='ocrx_word' id='word_1_200' title='bbox 454 2811 715 2895; x_wconf 86' lang='lat' dir='ltr'><strong>adversitatibus,</strong></span> <span class='ocrx_word' id='word_1_201' title='bbox 739 2815 870 2878; x_wconf 70' lang='lat' dir='ltr'><strong>coram(¹</strong></span> <span class='ocrx_word' id='word_1_202' title='bbox 893 2813 1022 2898; x_wconf 85' lang='lat' dir='ltr'><strong>prefatis</strong></span> <span class='ocrx_word' id='word_1_203' title='bbox 1038 2811 1253 2877; x_wconf 90' lang='lat' dir='ltr'><strong>cardinalibus</strong></span> <span class='ocrx_word' id='word_1_204' title='bbox 1272 2811 1399 2957; x_wconf 69' lang='lat' dir='ltr'><strong>episco-</strong></span> 
     </span>
     <span class='ocr_line' id='line_1_29' title="bbox 277 2895 1398 2981; baseline -0.001 -23"><span class='ocrx_word' id='word_1_205' title='bbox 277 2895 367 2981; x_wconf 84' lang='lat' dir='ltr'><strong>patui</strong></span> <span class='ocrx_word' id='word_1_206' title='bbox 381 2897 595 2979; x_wconf 74' lang='lat' dir='ltr'><strong>renunciavit,</strong></span> <span class='ocrx_word' id='word_1_207' title='bbox 612 2897 664 2960; x_wconf 87' lang='lat' dir='ltr'><strong>cui</strong></span> <span class='ocrx_word' id='word_1_208' title='bbox 681 2899 833 2964; x_wconf 88' lang='lat' dir='ltr'><strong>successit</strong></span> <span class='ocrx_word' id='word_1_209' title='bbox 842 2897 1018 2962; x_wconf 88' lang='lat' dir='ltr'><strong>Wernerus</strong></span> <span class='ocrx_word' id='word_1_210' title='bbox 1027 2908 1049 2980; x_wconf 75' lang='lat'><strong>⁰,</strong></span> <span class='ocrx_word' id='word_1_211' title='bbox 1061 2895 1203 2961; x_wconf 90' lang='lat' dir='ltr'><strong>eiusdem</strong></span> <span class='ocrx_word' id='word_1_212' title='bbox 1218 2915 1294 2959; x_wconf 89' lang='lat' dir='ltr'><strong>aecc</strong></span> <span class='ocrx_word' id='word_1_213' title='bbox 1309 2895 1398 2958; x_wconf 67' lang='lat' dir='ltr'><strong>etiae</strong></span> 
     </span>
     <span class='ocr_line' id='line_1_30' title="bbox 276 2979 585 3065; baseline 0.006 -23"><span class='ocrx_word' id='word_1_214' title='bbox 276 2979 379 3042; x_wconf 91' lang='lat' dir='ltr'><strong>maior</strong></span> <span class='ocrx_word' id='word_1_215' title='bbox 393 2981 585 3065; x_wconf 87' lang='lat' dir='ltr'><strong>prepositus.</strong></span> 
     </span>
    </p>

    <p class='ocr_par' dir='ltr' id='par_1_12' title="bbox 350 3069 1327 3138">
     <span class='ocr_line' id='line_1_31' title="bbox 350 3069 1327 3138; baseline 0 -18"><span class='ocrx_word' id='word_1_216' title='bbox 350 3072 488 3135; x_wconf 85' lang='lat' dir='ltr'><strong>Eugenius</strong></span> <span class='ocrx_word' id='word_1_217' title='bbox 507 3087 578 3137; x_wconf 85' lang='lat' dir='ltr'><strong>papa</strong></span> <span class='ocrx_word' id='word_1_218' title='bbox 597 3072 672 3130; x_wconf 90' lang='lat' dir='ltr'><strong>obiit,</strong></span> <span class='ocrx_word' id='word_1_219' title='bbox 693 3077 720 3122; x_wconf 88' lang='lat' dir='ltr'><strong>et</strong></span> <span class='ocrx_word' id='word_1_220' title='bbox 738 3072 860 3124; x_wconf 86' lang='lat' dir='ltr'><strong>succedit</strong></span> <span class='ocrx_word' id='word_1_221' title='bbox 878 3072 1046 3134; x_wconf 81' lang='lat' dir='ltr'><strong>Anastasius,</strong></span> <span class='ocrx_word' id='word_1_222' title='bbox 1066 3073 1112 3138; x_wconf 85' lang='lat' dir='ltr'><strong>qui</strong></span> <span class='ocrx_word' id='word_1_223' title='bbox 1132 3076 1157 3122; x_wconf 90' lang='lat' dir='ltr'><strong>et</strong></span> <span class='ocrx_word' id='word_1_224' title='bbox 1179 3069 1327 3122; x_wconf 73' lang='lat' dir='ltr'><strong>conradus.</strong></span> 
     </span>
    </p>

    <p class='ocr_par' dir='ltr' id='par_1_13' title="bbox 277 3135 1399 3895">
     <span class='ocr_line' id='line_1_32' title="bbox 354 3135 1399 3224; baseline -0.004 -22"><span class='ocrx_word' id='word_1_225' title='bbox 354 3135 516 3202; x_wconf 80' lang='lat' dir='ltr'><strong>*Colonie</strong></span> <span class='ocrx_word' id='word_1_226' title='bbox 532 3137 662 3223; x_wconf 89' lang='lat' dir='ltr'><strong>quidam</strong></span> <span class='ocrx_word' id='word_1_227' title='bbox 677 3161 719 3204; x_wconf 89' lang='lat' dir='ltr'><strong>ex</strong></span> <span class='ocrx_word' id='word_1_228' title='bbox 746 3147 835 3224; x_wconf 87' lang='lat' dir='ltr'><strong>patre</strong></span> <span class='ocrx_word' id='word_1_229' title='bbox 850 3138 961 3220; x_wconf 89' lang='lat' dir='ltr'><strong>ludeo,</strong></span> <span class='ocrx_word' id='word_1_230' title='bbox 985 3137 1041 3203; x_wconf 91' lang='lat' dir='ltr'><strong>sed</strong></span> <span class='ocrx_word' id='word_1_231' title='bbox 1064 3159 1230 3219; x_wconf 86' lang='lat' dir='ltr'><strong>converso,</strong></span> <span class='ocrx_word' id='word_1_232' title='bbox 1252 3137 1330 3202; x_wconf 89' lang='lat' dir='ltr'><strong>dum</strong></span> <span class='ocrx_word' id='word_1_233' title='bbox 1347 3155 1399 3200; x_wconf 91' lang='lat' dir='ltr'><strong>sa-</strong></span> 
     </span>
     <span class='ocr_line' id='line_1_33' title="bbox 278 3221 1397 3309; baseline -0.001 -24"><span class='ocrx_word' id='word_1_234' title='bbox 278 3232 474 3287; x_wconf 88' lang='lat' dir='ltr'><strong>cramentum</strong></span> <span class='ocrx_word' id='word_1_235' title='bbox 503 3223 646 3305; x_wconf 88' lang='lat' dir='ltr'><strong>corporis</strong></span> <span class='ocrx_word' id='word_1_236' title='bbox 670 3221 790 3287; x_wconf 83' lang='lat' dir='ltr'><strong>Christi</strong></span> <span class='ocrx_word' id='word_1_237' title='bbox 810 3225 844 3287; x_wconf 91' lang='lat' dir='ltr'><strong>in</strong></span> <span class='ocrx_word' id='word_1_238' title='bbox 870 3221 1015 3309; x_wconf 90' lang='lat' dir='ltr'><strong>paschali</strong></span> <span class='ocrx_word' id='word_1_239' title='bbox 1043 3222 1215 3286; x_wconf 82' lang='lat' dir='ltr'><strong>festivitate</strong></span> <span class='ocrx_word' id='word_1_240' title='bbox 1243 3228 1397 3284; x_wconf 90' lang='lat' dir='ltr'><strong>oretenus</strong></span> 
     </span>
     <span class='ocr_line' id='line_1_34' title="bbox 277 3304 1398 3392; baseline -0.002 -22"><span class='ocrx_word' id='word_1_241' title='bbox 277 3307 470 3392; x_wconf 90' lang='lat' dir='ltr'><strong>suscepisset</strong></span> <span class='ocrx_word' id='word_1_242' title='bbox 485 3316 516 3370; x_wconf 91' lang='lat' dir='ltr'><strong>et</strong></span> <span class='ocrx_word' id='word_1_243' title='bbox 530 3305 719 3370; x_wconf 86' lang='lat' dir='ltr'><strong>aecclesiam</strong></span> <span class='ocrx_word' id='word_1_244' title='bbox 734 3328 892 3391; x_wconf 86' lang='lat' dir='ltr'><strong>egressus,</strong></span> <span class='ocrx_word' id='word_1_245' title='bbox 908 3307 1018 3370; x_wconf 91' lang='lat' dir='ltr'><strong>nescio</strong></span> <span class='ocrx_word' id='word_1_246' title='bbox 1033 3305 1111 3392; x_wconf 91' lang='lat' dir='ltr'><strong>quid</strong></span> <span class='ocrx_word' id='word_1_247' title='bbox 1125 3304 1242 3370; x_wconf 88' lang='lat' dir='ltr'><strong>exinde</strong></span> <span class='ocrx_word' id='word_1_248' title='bbox 1253 3313 1398 3386; x_wconf 62' lang='lat' dir='ltr'><strong>acturus</strong></span> 
     </span>
     <span class='ocr_line' id='line_1_35' title="bbox 277 3386 1396 3476; baseline -0.001 -22"><span class='ocrx_word' id='word_1_249' title='bbox 277 3392 408 3455; x_wconf 88' lang='lat' dir='ltr'><strong>domum</strong></span> <span class='ocrx_word' id='word_1_250' title='bbox 415 3389 532 3474; x_wconf 72' lang='lat' dir='ltr'><strong>inferre</strong></span> <span class='ocrx_word' id='word_1_251' title='bbox 546 3391 728 3476; x_wconf 81' lang='lat' dir='ltr'><strong>cogitasset,</strong></span> <span class='ocrx_word' id='word_1_252' title='bbox 737 3390 891 3456; x_wconf 89' lang='lat' dir='ltr'><strong>divinitus</strong></span> <span class='ocrx_word' id='word_1_253' title='bbox 901 3390 1029 3455; x_wconf 89' lang='lat' dir='ltr'><strong>territus</strong></span> <span class='ocrx_word' id='word_1_254' title='bbox 1038 3386 1214 3468; x_wconf 77' lang='lat' dir='ltr'><strong>exhorruit,</strong></span> <span class='ocrx_word' id='word_1_255' title='bbox 1227 3398 1258 3453; x_wconf 90' lang='lat' dir='ltr'><strong>et</strong></span> <span class='ocrx_word' id='word_1_256' title='bbox 1266 3389 1396 3454; x_wconf 89' lang='lat' dir='ltr'><strong>nescius</strong></span> 
     </span>
     <span class='ocr_line' id='line_1_36' title="bbox 278 3471 1397 3560; baseline -0.002 -22"><span class='ocrx_word' id='word_1_257' title='bbox 278 3496 340 3560; x_wconf 91' lang='lat' dir='ltr'><strong>quo</strong></span> <span class='ocrx_word' id='word_1_258' title='bbox 369 3496 403 3538; x_wconf 90' lang='lat' dir='ltr'><strong>se</strong></span> <span class='ocrx_word' id='word_1_259' title='bbox 431 3481 579 3556; x_wconf 84' lang='lat' dir='ltr'><strong>verteret,</strong></span> <span class='ocrx_word' id='word_1_260' title='bbox 608 3474 641 3538; x_wconf 92' lang='lat' dir='ltr'><strong>id</strong></span> <span class='ocrx_word' id='word_1_261' title='bbox 663 3475 696 3537; x_wconf 92' lang='lat' dir='ltr'><strong>in</strong></span> <span class='ocrx_word' id='word_1_262' title='bbox 726 3475 880 3540; x_wconf 90' lang='lat' dir='ltr'><strong>cimiterio</strong></span> <span class='ocrx_word' id='word_1_263' title='bbox 902 3473 988 3538; x_wconf 88' lang='lat' dir='ltr'><strong>facta</strong></span> <span class='ocrx_word' id='word_1_264' title='bbox 1009 3473 1095 3538; x_wconf 85' lang='lat' dir='ltr'><strong>fossa</strong></span> <span class='ocrx_word' id='word_1_265' title='bbox 1121 3471 1278 3558; x_wconf 87' lang='lat' dir='ltr'><strong>sepelivit.</strong></span> <span class='ocrx_word' id='word_1_266' title='bbox 1329 3471 1397 3537; x_wconf 86' lang='lat' dir='ltr'><strong>Sed</strong></span> 
     </span>
     <span class='ocr_line' id='line_1_37' title="bbox 277 3555 1398 3643; baseline -0.001 -22"><span class='ocrx_word' id='word_1_267' title='bbox 277 3557 507 3643; x_wconf 86' lang='lat' dir='ltr'><strong>superveniens</strong></span> <span class='ocrx_word' id='word_1_268' title='bbox 531 3558 679 3622; x_wconf 87' lang='lat' dir='ltr'><strong>sacerdos</strong></span> <span class='ocrx_word' id='word_1_269' title='bbox 701 3568 733 3623; x_wconf 89' lang='lat' dir='ltr'><strong>et</strong></span> <span class='ocrx_word' id='word_1_270' title='bbox 753 3581 821 3622; x_wconf 89' lang='lat' dir='ltr'><strong>rem</strong></span> <span class='ocrx_word' id='word_1_271' title='bbox 843 3558 980 3638; x_wconf 89' lang='lat' dir='ltr'><strong>discens,</strong></span> <span class='ocrx_word' id='word_1_272' title='bbox 1001 3557 1122 3623; x_wconf 87' lang='lat' dir='ltr'><strong>fossam</strong></span> <span class='ocrx_word' id='word_1_273' title='bbox 1138 3557 1265 3642; x_wconf 85' lang='lat' dir='ltr'><strong>aperuit</strong></span> <span class='ocrx_word' id='word_1_274' title='bbox 1280 3566 1312 3620; x_wconf 88' lang='lat' dir='ltr'><strong>et</strong></span> <span class='ocrx_word' id='word_1_275' title='bbox 1331 3555 1398 3620; x_wconf 86' lang='lat' dir='ltr'><strong>for·</strong></span> 
     </span>
     <span class='ocr_line' id='line_1_38' title="bbox 277 3639 1398 3724; baseline -0.001 -20"><span class='ocrx_word' id='word_1_276' title='bbox 277 3639 396 3704; x_wconf 92' lang='lat' dir='ltr'><strong>mulam</strong></span> <span class='ocrx_word' id='word_1_277' title='bbox 407 3639 554 3704; x_wconf 88' lang='lat' dir='ltr'><strong>infantuli</strong></span> <span class='ocrx_word' id='word_1_278' title='bbox 564 3642 739 3722; x_wconf 86' lang='lat' dir='ltr'><strong>inveniens,</strong></span> <span class='ocrx_word' id='word_1_279' title='bbox 751 3642 793 3707; x_wconf 93' lang='lat' dir='ltr'><strong>ad</strong></span> <span class='ocrx_word' id='word_1_280' title='bbox 803 3641 993 3707; x_wconf 91' lang='lat' dir='ltr'><strong>aecclesiam</strong></span> <span class='ocrx_word' id='word_1_281' title='bbox 1005 3663 1079 3706; x_wconf 91' lang='lat' dir='ltr'><strong>cum</strong></span> <span class='ocrx_word' id='word_1_282' title='bbox 1090 3641 1275 3706; x_wconf 89' lang='lat' dir='ltr'><strong>reverencia</strong></span> <span class='ocrx_word' id='word_1_283' title='bbox 1285 3661 1398 3724; x_wconf 88' lang='lat' dir='ltr'><strong>aspor-</strong></span> 
     </span>
     <span class='ocr_line' id='line_1_39' title="bbox 277 3721 1394 3813; baseline 0 -25"><span class='ocrx_word' id='word_1_284' title='bbox 277 3732 346 3788; x_wconf 89' lang='lat' dir='ltr'><strong>tare</strong></span> <span class='ocrx_word' id='word_1_285' title='bbox 366 3721 476 3805; x_wconf 87' lang='lat' dir='ltr'><strong>voluit,</strong></span> <span class='ocrx_word' id='word_1_286' title='bbox 489 3724 545 3790; x_wconf 89' lang='lat' dir='ltr'><strong>sed</strong></span> <span class='ocrx_word' id='word_1_287' title='bbox 557 3726 673 3790; x_wconf 89' lang='lat' dir='ltr'><strong>mirum</strong></span> <span class='ocrx_word' id='word_1_288' title='bbox 696 3726 792 3808; x_wconf 91' lang='lat' dir='ltr'><strong>dictu,</strong></span> <span class='ocrx_word' id='word_1_289' title='bbox 814 3725 885 3792; x_wconf 92' lang='lat' dir='ltr'><strong>luce</strong></span> <span class='ocrx_word' id='word_1_290' title='bbox 907 3725 1038 3792; x_wconf 90' lang='lat' dir='ltr'><strong>caelitus</strong></span> <span class='ocrx_word' id='word_1_291' title='bbox 1055 3727 1181 3813; x_wconf 73' lang='lat' dir='ltr'><strong>emissa,</strong></span> <span class='ocrx_word' id='word_1_292' title='bbox 1200 3745 1274 3788; x_wconf 90' lang='lat' dir='ltr'><strong>cum</strong></span> <span class='ocrx_word' id='word_1_293' title='bbox 1288 3724 1394 3810; x_wconf 91' lang='lat' dir='ltr'><strong>ipsae</strong></span> 
     </span>
     <span class='ocr_line' id='line_1_40' title="bbox 278 3806 920 3895; baseline 0.006 -25"><span class='ocrx_word' id='word_1_294' title='bbox 278 3806 426 3872; x_wconf 91' lang='lat' dir='ltr'><strong>manibus</strong></span> <span class='ocrx_word' id='word_1_295' title='bbox 449 3809 516 3893; x_wconf 72' lang='lat' dir='ltr'><strong>eius</strong></span> <span class='ocrx_word' id='word_1_296' title='bbox 540 3807 667 3874; x_wconf 91' lang='lat' dir='ltr'><strong>elabens</strong></span> <span class='ocrx_word' id='word_1_297' title='bbox 690 3808 796 3874; x_wconf 86' lang='lat' dir='ltr'><strong>caelos</strong></span> <span class='ocrx_word' id='word_1_298' title='bbox 817 3811 920 3895; x_wconf 87' lang='lat' dir='ltr'><strong>petiit.</strong></span> 
     </span>
    </p>
   </div>
   <div class='ocr_carea' id='block_1_8' title="bbox 277 3989 1391 4104">
    <p class='ocr_par' dir='ltr' id='par_1_14' title="bbox 277 3989 1391 4104">
     <span class='ocr_line' id='line_1_41' title="bbox 278 3989 1391 4044; baseline -0.002 -12"><span class='ocrx_word' id='word_1_299' title='bbox 278 3990 300 4044; x_wconf 88' lang='lat' dir='ltr'><strong>a)</strong></span> <span class='ocrx_word' id='word_1_300' title='bbox 317 3993 368 4032; x_wconf 72' lang='lat' dir='ltr'><strong>baec</strong></span> <span class='ocrx_word' id='word_1_301' title='bbox 383 3995 425 4034; x_wconf 78' lang='lat' dir='ltr'><strong>des.</strong></span> <span class='ocrx_word' id='word_1_302' title='bbox 441 3993 513 4042; x_wconf 76' lang='lat' dir='ltr'><strong>spacio</strong></span> <span class='ocrx_word' id='word_1_303' title='bbox 528 4003 597 4032; x_wconf 76' lang='lat' dir='ltr'><strong>vacuo</strong></span> <span class='ocrx_word' id='word_1_304' title='bbox 612 3992 686 4032; x_wconf 74' lang='lat' dir='ltr'><strong>relicto</strong></span> <span class='ocrx_word' id='word_1_305' title='bbox 702 3990 749 4032; x_wconf 75' lang='lat' dir='ltr'><strong>Aa.</strong></span> <span class='ocrx_word' id='word_1_306' title='bbox 811 3990 834 4043; x_wconf 84' lang='grc'><strong>1))</strong></span> <span class='ocrx_word' id='word_1_307' title='bbox 852 3993 986 4034; x_wconf 80' lang='lat' dir='ltr'><strong>Aschslcna</strong></span> <span class='ocrx_word' id='word_1_308' title='bbox 1001 3992 1021 4033; x_wconf 75' lang='lat' dir='ltr'><strong>A</strong></span> <span class='ocrx_word' id='word_1_309' title='bbox 1031 3995 1051 4034; x_wconf 85' lang='lat'><strong>1.</strong></span> <span class='ocrx_word' id='word_1_310' title='bbox 1067 4007 1096 4028; x_wconf 95' lang='lat'><em>=</em></span> <span class='ocrx_word' id='word_1_311' title='bbox 1112 3989 1133 4044; x_wconf 90' lang='lat' dir='ltr'><strong>c)</strong></span> <span class='ocrx_word' id='word_1_312' title='bbox 1150 4001 1259 4042; x_wconf 86' lang='lat' dir='ltr'><strong>percssus</strong></span> <span class='ocrx_word' id='word_1_313' title='bbox 1276 3993 1323 4041; x_wconf 76' lang='lat'><strong>015</strong></span> <span class='ocrx_word' id='word_1_314' title='bbox 1339 4000 1391 4041; x_wconf 87' lang='lat' dir='ltr'><strong>per·</strong></span> 
     </span>
     <span class='ocr_line' id='line_1_42' title="bbox 277 4049 1389 4104; baseline -0.002 -12"><span class='ocrx_word' id='word_1_315' title='bbox 277 4055 339 4092; x_wconf 76' lang='lat' dir='ltr'><strong>tosus</strong></span> <span class='ocrx_word' id='word_1_316' title='bbox 353 4059 403 4101; x_wconf 76' lang='lat' dir='ltr'><strong>post</strong></span> <span class='ocrx_word' id='word_1_317' title='bbox 418 4063 474 4094; x_wconf 84' lang='lat' dir='ltr'><strong>corr.</strong></span> <span class='ocrx_word' id='word_1_318' title='bbox 497 4054 619 4103; x_wconf 86' lang='lat' dir='ltr'><strong>pertensus</strong></span> <span class='ocrx_word' id='word_1_319' title='bbox 637 4052 676 4103; x_wconf 81' lang='lat'><strong>02,</strong></span> <span class='ocrx_word' id='word_1_320' title='bbox 692 4051 730 4090; x_wconf 77' lang='lat' dir='ltr'><strong>nbi</strong></span> <span class='ocrx_word' id='word_1_321' title='bbox 745 4050 796 4090; x_wconf 81' lang='lat' dir='ltr'><strong>adv·</strong></span> <span class='ocrx_word' id='word_1_322' title='bbox 812 4062 831 4096; x_wconf 82' lang='lat' dir='ltr'><strong>c.</strong></span> <span class='ocrx_word' id='word_1_323' title='bbox 848 4053 933 4093; x_wconf 61' lang='lat' dir='ltr'><strong>mount.</strong></span> <span class='ocrx_word' id='word_1_324' title='bbox 994 4050 1041 4104; x_wconf 75' lang='lat' dir='ltr'><strong>dle</strong></span> <span class='ocrx_word' id='word_1_325' title='bbox 1058 4052 1099 4093; x_wconf 80' lang='grc'><strong>011.</strong></span> <span class='ocrx_word' id='word_1_326' title='bbox 1161 4049 1183 4103; x_wconf 80' lang='lat' dir='ltr'><strong>a)</strong></span> <span class='ocrx_word' id='word_1_327' title='bbox 1199 4051 1326 4091; x_wconf 83' lang='lat' dir='ltr'><strong>Warnarns</strong></span> <span class='ocrx_word' id='word_1_328' title='bbox 1343 4049 1389 4090; x_wconf 85' lang='lat'><strong>01.</strong></span> 
     </span>
    </p>
   </div>
   <div class='ocr_carea' id='block_1_9' title="bbox 278 4179 1390 4398">
    <p class='ocr_par' dir='ltr' id='par_1_15' title="bbox 278 4179 1390 4398">
     <span class='ocr_line' id='line_1_43' title="bbox 285 4179 1390 4250; baseline 0.005 -21"><span class='ocrx_word' id='word_1_329' title='bbox 285 4179 312 4247; x_wconf 84' lang='grc'><strong>1)</strong></span> <span class='ocrx_word' id='word_1_330' title='bbox 325 4182 417 4235; x_wconf 82' lang='lat' dir='ltr'><strong>Potius</strong></span> <span class='ocrx_word' id='word_1_331' title='bbox 430 4183 586 4236; x_wconf 66' lang='lat' dir='ltr'><strong>Fridertcur</strong></span> <span class='ocrx_word' id='word_1_332' title='bbox 597 4185 622 4246; x_wconf 89' lang='lat' dir='ltr'><strong>I,</strong></span> <span class='ocrx_word' id='word_1_333' title='bbox 632 4183 678 4250; x_wconf 78' lang='lat' dir='ltr'><strong>qui</strong></span> <span class='ocrx_word' id='word_1_334' title='bbox 697 4183 764 4236; x_wconf 81' lang='lat' dir='ltr'><strong>aedit</strong></span> <span class='ocrx_word' id='word_1_335' title='bbox 775 4185 854 4236; x_wconf 80' lang='lat' dir='ltr'><strong>annis</strong></span> <span class='ocrx_word' id='word_1_336' title='bbox 875 4184 1066 4235; x_wconf 78' lang='lat'>1142-1152.</span> <span class='ocrx_word' id='word_1_337' title='bbox 1081 4183 1112 4236; x_wconf 91' lang='lat' dir='ltr'><strong>P.</strong></span> <span class='ocrx_word' id='word_1_338' title='bbox 1149 4182 1179 4249; x_wconf 73' lang='lat'><strong>2)</strong></span> <span class='ocrx_word' id='word_1_339' title='bbox 1192 4183 1253 4234; x_wconf 85' lang='lat' dir='ltr'><strong>Iam</strong></span> <span class='ocrx_word' id='word_1_340' title='bbox 1267 4201 1293 4234; x_wconf 87' lang='lat' dir='ltr'><strong>c.</strong></span> <span class='ocrx_word' id='word_1_341' title='bbox 1309 4182 1390 4235; x_wconf 79' lang='lat'>1152.</span> 
     </span>
     <span class='ocr_line' id='line_1_44' title="bbox 278 4253 1389 4324; baseline 0 -19"><span class='ocrx_word' id='word_1_342' title='bbox 278 4253 309 4322; x_wconf 85' lang='lat'><strong>3)</strong></span> <span class='ocrx_word' id='word_1_343' title='bbox 328 4256 355 4308; x_wconf 87' lang='lat' dir='ltr'><strong>d.</strong></span> <span class='ocrx_word' id='word_1_344' title='bbox 376 4257 417 4308; x_wconf 79' lang='lat'><strong>12.</strong></span> <span class='ocrx_word' id='word_1_345' title='bbox 436 4257 551 4324; x_wconf 71' lang='lat' dir='ltr'><strong>Anqusti</strong></span> <span class='ocrx_word' id='word_1_346' title='bbox 576 4257 623 4308; x_wconf 76' lang='lat' dir='ltr'><strong>clii</strong></span> <span class='ocrx_word' id='word_1_347' title='bbox 646 4257 779 4324; x_wconf 54' lang='lat' dir='ltr'><strong>reserarem</strong></span> <span class='ocrx_word' id='word_1_348' title='bbox 805 4276 831 4311; x_wconf 86' lang='lat' dir='ltr'><strong>c.</strong></span> <span class='ocrx_word' id='word_1_349' title='bbox 858 4258 957 4310; x_wconf 77' lang='lat' dir='ltr'><strong>Wilkcn</strong></span> <span class='ocrx_word' id='word_1_350' title='bbox 982 4257 1041 4320; x_wconf 89' lang='grc' dir='ltr'><strong><em>ΙΙΙ,</em></strong></span> <span class='ocrx_word' id='word_1_351' title='bbox 1063 4257 1087 4320; x_wconf 77' lang='lat'><strong>2,</strong></span> <span class='ocrx_word' id='word_1_352' title='bbox 1110 4273 1140 4322; x_wconf 80' lang='lat' dir='ltr'><strong>p.</strong></span> <span class='ocrx_word' id='word_1_353' title='bbox 1160 4258 1204 4311; x_wconf 78' lang='lat'><strong>26.</strong></span> <span class='ocrx_word' id='word_1_354' title='bbox 1291 4254 1322 4324; x_wconf 88' lang='grc'><strong>4)</strong></span> <span class='ocrx_word' id='word_1_355' title='bbox 1349 4253 1389 4322; x_wconf 76' lang='lat' dir='ltr'><strong>Of.</strong></span> 
     </span>
     <span class='ocr_line' id='line_1_45' title="bbox 278 4328 925 4398; baseline 0.009 -20"><span class='ocrx_word' id='word_1_356' title='bbox 278 4328 376 4382; x_wconf 83' lang='lat' dir='ltr'><strong>Anncl.</strong></span> <span class='ocrx_word' id='word_1_357' title='bbox 396 4330 554 4382; x_wconf 80' lang='lat' dir='ltr'><strong>Palidcnoec</strong></span> <span class='ocrx_word' id='word_1_358' title='bbox 574 4349 599 4382; x_wconf 86' lang='lat' dir='ltr'><strong>a.</strong></span> <span class='ocrx_word' id='word_1_359' title='bbox 621 4331 701 4384; x_wconf 74' lang='lat'><strong>1153.</strong></span> <span class='ocrx_word' id='word_1_360' title='bbox 722 4331 770 4384; x_wconf 82' lang='lat' dir='ltr'><strong>sub</strong></span> <span class='ocrx_word' id='word_1_361' title='bbox 782 4331 874 4398; x_wconf 79' lang='lat' dir='ltr'><strong>finem.</strong></span> <span class='ocrx_word' id='word_1_362' title='bbox 894 4331 925 4384; x_wconf 92' lang='lat' dir='ltr'><strong>P.</strong></span> 
     </span>
    </p>
   </div>
   <div class='ocr_carea' id='block_1_10' title="bbox 0 0 1490 4996">
    <p class='ocr_par' dir='ltr' id='par_1_16' title="bbox 0 0 1490 4996">
     <span class='ocr_line' id='line_1_46' title="bbox 0 0 1490 4996; baseline 0 0"><span class='ocrx_word' id='word_1_363' title='bbox 0 0 1490 4996; x_wconf 95' lang='lat' dir='ltr'><strong> </strong></span> 
     </span>
    </p>
   </div>
  </div>
 </body>
</html>
