2942 4998
315 407 505 462 cenoman
518 408 631 462 annm
647 409 902 466 conomnnsts.
1100 413 1182 467 XVII

53 576 169 641 natali
189 576 328 641 Domini
349 585 554 663 computatus
581 586 692 643 esset1.
741 579 808 645 Sed
837 581 889 645 bis
918 603 985 646 non
1013 591 1181 648 contentus

53 663 123 726 eine
151 661 239 728 idem
272 661 339 726 siue
373 660 461 726 alius
489 663 631 727 ciusdem
657 665 850 728 monasterii
874 662 1036 730 librarius
1061 668 1180 732 iterum

54 743 223 831 quaedam
259 745 396 828 adiecit,
428 745 501 811 alia
532 747 661 811 omisit²
689 757 718 811 et
745 747 796 812 ita
816 749 945 813 tertiam
967 751 1065 834 quasi
1085 751 1178 816 clsro-

54 830 154 894 nicae
168 831 388 896 recensionem
401 831 554 912 instituit,
570 852 668 916 qnam
682 833 720 896 in
731 832 882 897 codiceB
892 843 1055 898 seruatam
1069 856 1178 900 recen·

54 915 172 1064 §mem
193 935 269 996 esse,
298 915 350 980 bis
377 915 478 980 annis
506 915 604 979 etiam
625 915 774 981 codicum
798 915 828 982 0
851 939 924 981 cum
946 917 977 980 A
999 940 1179 984 consensus

80 1007 181 1064 ocet⁸.

142 1081 224 1147 lude
257 1081 298 1146 ab
331 1106 363 1146 a.
393 1082 485 1147 1200.
517 1103 592 1147 vero
620 1081 739 1148 Sancti
767 1083 981 1151 Pantaleonis
1013 1087 1178 1169 monacbi,

53 1165 163 1231 altera
202 1165 384 1232 Cbronicae
418 1169 531 1253 repiae
566 1169 815 1234 continuatione
850 1169 1004 1250 destituti,
1035 1172 1178 1255 proprio

51 1259 160 1315 marte
183 1272 266 1336 opus
287 1259 470 1335 susceptam
486 1253 656 1335 prosecuti
676 1261 753 1317 sunt
774 1261 803 1316 et
817 1253 879 1317 bac
893 1276 973 1318 sane
990 1263 1089 1340 porte
1111 1277 1179 1320 non

1 1394 2 1406 ,
51 1334 225 1420 subparem
254 1334 384 1399 laudem
413 1335 478 1399 sibi
493 1345 715 1419 paraverunt.
758 1336 848 1401 Nam
874 1359 927 1400 res
954 1347 1021 1402 tam
1044 1337 1178 1404 Germa·

52 1420 155 1483 nicae
165 1441 265 1503 qnam
278 1417 359 1486 alibi
373 1428 481 1505 pestes
492 1422 574 1484 satis
585 1421 719 1504 copiosa
730 1423 925 1486 narratione
936 1432 1157 1510 conposuerunt
1163 1445 1177 1504 ,·
1257 1485 1266 1504 ,

52 1505 169 1568 animo
200 1524 313 1589 aequo,
340 1503 595 1589 imperatoribus
622 1525 748 1588 semper
772 1526 950 1590 propenso,
977 1505 1177 1572 turbulento·

52 1610 130 1652 rum
150 1586 282 1652 illorum
300 1596 479 1673 temporum
496 1610 547 1652 res
563 1591 736 1654 memoriae
756 1589 978 1672 tradiderant,
1001 1591 1178 1657 nonnullos

53 1671 189 1757 quidem
216 1693 342 1736 errores
369 1675 596 1738 commiserant
624 1673 674 1736 uel
699 1674 857 1738 minorem
885 1675 935 1738 rei
961 1677 1178 1760 capnitionem

49 1755 287 1842 probaverunt,
315 1757 352 1820 in
374 1758 565 1821 nniversam
591 1778 667 1822 rere
690 1779 773 1840 opus
795 1768 980 1843 susceptum
1000 1757 1177 1845 dilipentcr

53 1849 85 1904 et
111 1839 327 1904 landabiliter
355 1843 482 1906 saecuti
507 1849 616 1905 sunt⁴.
658 1840 736 1905 Non
765 1850 871 1906 tamen
900 1864 1005 1906 unum
1025 1844 1175 1908 eundem·

53 1945 119 2008 que
142 1933 306 1989 auctorem
327 1922 446 2011 ubique
469 1947 645 2010 opnoscere
666 1924 748 2007 licet,
775 1924 878 2011 nsque
899 1926 978 1990 laec
1000 1927 1175 1992 chronicae

47 2030 140 2096 pars
157 2031 292 2073 manum
319 2009 497 2074 secundam
525 2011 639 2090 euasit,
671 2032 756 2095 quae
783 2032 855 2074 eam
876 2032 944 2074 non
965 2019 1032 2074 tam
1054 2031 1176 2097 cupere

52 2115 156 2180 quam
184 2093 373 2158 abbreviare
399 2093 557 2158 studebat.
599 2094 643 2158 Et
668 2093 829 2178 triplicem
858 2094 988 2180 quidem
1016 2096 1175 2162 recensio·

53 2198 130 2242 nem
156 2177 401 2264 dietinpuamus
432 2187 565 2264 oportet.
619 2177 750 2244 Primae
769 2176 966 2264 frapmenta
996 2178 1108 2244 brevia
1138 2181 1176 2245 in

56 2359 85 2425 1)
105 2357 153 2410 Ita
173 2376 198 2410 a.
213 2359 293 2409 1194.
308 2358 388 2409 1198.
428 2355 501 2409 Satis
517 2356 660 2410 arbitraris
676 2365 756 2409 antea
769 2359 836 2409 anni
850 2357 949 2410 mutati
966 2367 1037 2424 sunt,
1057 2377 1083 2412 a.
1096 2359 1176 2411 1148.

56 2431 138 2484 1181,
161 2433 241 2483 1154.
260 2439 308 2484 etc.
381 2428 411 2498 2)
432 2449 457 2482 a.
474 2430 553 2480 1181.
573 2431 697 2484 derebus
711 2429 741 2481 in
755 2429 872 2484 Graecia
887 2431 977 2498 pestis.
1053 2432 1083 2500 3)
1102 2431 1175 2485 Oerte

53 2521 125 2572 puae
151 2506 185 2556 de
209 2505 287 2556 annis
306 2505 382 2573 repni
400 2504 523 2558 Heinrici
547 2505 593 2555 VI.
617 2504 647 2556 iu
665 2504 692 2555 Β
716 2505 839 2572 lepuntm·
857 2504 958 2558 codices
980 2504 1093 2557 Oltaud
1111 2507 1175 2557 omi·

54 2578 160 2641 sisseru,
192 2577 216 2628 si
240 2578 341 2644 scripta
365 2577 536 2631 inuenissent.
574 2576 685 2630 Minime
709 2578 793 2645 ipitur
821 2595 853 2630 en
878 2577 906 2628 Β
926 2579 1076 2645 fluxerunt,
1105 2579 1176 2645 quod

54 2651 90 2703 K.
110 2651 190 2703 Perta
221 2649 273 2702 sibi
303 2651 446 2716 persuasit.
492 2651 626 2718 Exempla
654 2669 723 2718 quae
752 2653 829 2718 affert
859 2655 898 2718 (p.
920 2653 982 2704 725.
1002 2669 1029 2704 n.
1051 2651 1099 2716 12)
1127 2653 1176 2704 lsoc

54 2723 163 2777 minime
190 2725 322 2791 probant,
354 2723 475 2791 quamuis
504 2723 637 2796 lectionem
665 2725 762 2777 codicis
790 2725 817 2777 Β
844 2742 924 2792 quam
951 2725 1080 2792 pluribus
1112 2725 1176 2778 locis

55 2799 190 2851 meliorem
214 2813 268 2850 esse
294 2798 442 2850 ostendant.
481 2796 514 2850 A.
536 2799 615 2851 1190.
640 2798 745 2865 quidem
766 2798 814 2850 09
838 2817 856 2867 p
879 2795 909 2852 ἷῆ
934 2798 1051 2866 corrupit
1076 2799 1105 2850 in
1127 2815 1176 2867 per

55 2873 119 2936 vim,
146 2871 194 2924 sed
212 2870 318 2924 minime
339 2869 382 2922 01
411 2873 500 2938 (quem
525 2889 557 2924 ero
578 2871 622 2924 02
650 2872 813 2939 descriptum
837 2872 943 2938 putavit
962 2873 1069 2938 Pertn);
1092 2890 1176 2939 neque

55 2944 98 2996 hie
121 2945 293 2996 Dunodicam
317 2962 370 3010 pro
398 2946 570 2997 Dimodisam
596 2946 716 3012 praebet.
765 2947 906 3000 Eiusmodi
934 2947 1116 3013 corruptiones
1144 2961 1176 2998 ea

55 3018 149 3084 quouis
168 3017 257 3069 codice
274 3020 350 3070 nasci
364 3019 495 3085 potuisse,
520 3020 566 3070 oia
592 3028 630 3071 est
655 3020 728 3085 quod
746 3036 875 3072 moneam.
913 3019 1044 3072 Maiorem
1069 3019 1175 3072 dubita·

55 3091 150 3143 tionem
170 3093 266 3157 facere
290 3092 397 3144 uidetur
422 3092 494 3144 locus
525 3109 551 3143 a.
579 3092 659 3157 1189,
688 3093 735 3143 ubi
759 3094 788 3143 in
811 3092 837 3143 Β
861 3093 934 3160 quod
958 3101 1024 3145 recte
1049 3095 1176 3159 scripturn

55 3170 112 3217 erae
137 3166 233 3217 Iconio
259 3174 402 3217 comeatum
427 3165 547 3217 uidemus
573 3167 685 3227 Leonio,
718 3174 745 3218 et
770 3165 818 3216 lsoc
843 3166 873 3217 in
901 3168 1012 3231 utroq'ue
1041 3167 1129 3218 coelice
1155 3165 1177 3219 0

55 3237 175 3305 lepimus.
213 3237 268 3290 Sed
286 3239 365 3291 etiam
384 3237 408 3290 A
428 3239 476 3290 ltoc
490 3239 610 3304 praebet.
650 3238 741 3301 Quare
764 3245 912 3290 statuamus
937 3245 1046 3305 oportet,
1071 3238 1101 3289 in
1114 3238 1173 3304 pri·

55 3327 177 3363 maenam
213 3311 353 3364 chronicae
383 3312 560 3365 recensionem
591 3313 662 3364 hensa
698 3311 836 3378 irrepsisse
867 3327 998 3373 errorem,¹
1035 3311 1175 3362 librarium

55 3385 154 3436 codicis
171 3385 207 3450 B,
233 3385 281 3452 qui
304 3385 338 3437 de
362 3386 466 3450 Iconio,
490 3402 574 3451 neque
599 3403 661 3440 sero
686 3386 719 3438 de
743 3384 865 3436 inaudito
893 3401 959 3436 sane
979 3385 1082 3436 Leonio
1107 3401 1173 3436 oom-

53 3467 159 3524 pertsnn
183 3457 288 3522 latuit,
319 3467 387 3511 recte
417 3460 487 3511 illud
515 3457 659 3524 scripsisse,
692 3458 740 3510 sed
766 3458 814 3524 qui
839 3457 953 3510 codicem
977 3457 1015 3509 ad
1039 3460 1174 3523 exemplar·

54 3531 186 3583 onustius
211 3532 352 3600 castipaoit
368 3533 474 3598 salsam
499 3531 633 3585 lectionem
660 3531 815 3584 restituisse.
867 3530 1075 3598 Nonnumquam
1100 3531 1126 3582 Β
1150 3537 1175 3583 et

55 3602 79 3655 0
104 3602 133 3656 in
157 3606 242 3670 saleis
274 3604 426 3658 amntem
458 3606 628 3670 concordant,
664 3622 685 3659 e.
710 3623 750 3674 pr.
776 3622 802 3657 a.
832 3604 910 3657 1185.
943 3620 1100 3656 conversam
1121 3621 1175 3670 pso

54 3692 191 3743 eversam
218 3677 298 3729 1187.
317 3681 360 3731 ins
380 3680 562 3746 appellatione
577 3697 630 3745 pro
649 3681 691 3732 ius
711 3679 910 3747 appellationis,
935 3678 1007 3743 quod
1025 3678 1054 3728 in
1072 3678 1099 3729 Β
1114 3683 1176 3744 post

54 3760 212 3805 correctam:
235 3754 277 3805 ins
303 3755 331 3804 in
357 3753 548 3822 appellatione.
585 3751 658 3804 Alibi
683 3751 706 3804 0
726 3769 819 3806 oerum
844 3752 956 3814 labeum·
988 3768 1014 3802 a.
1043 3751 1123 3803 1189.
1149 3751 1176 3802 Β

4 3887 5 3892 ¹
54 3824 171 3892 plurima
194 3826 296 3886 omisit,·
320 3835 418 3893 postea
445 3826 491 3878 ubi
511 3825 533 3878 0
553 3829 604 3878 hac
624 3845 678 3893 pro
702 3843 736 3878 ac
760 3835 866 3894 ponunt
889 3843 1035 3892 perperam
1067 3831 1094 3876 et
1123 3826 1175 3875 hac

4 3951 5 3954 ,
54 3898 176 3964 scripsit3
197 3917 249 3965 pro
276 3901 399 3952 omnibns
428 3899 458 3952 iu
476 3901 524 3951 Bl
552 3900 678 3952 librarius
704 3900 811 3967 scripsit
836 3901 987 3965 comitibus,
1010 3907 1072 3964 post
1098 3913 1175 3948 voca·

54 3970 145 4023 balam
163 3971 232 4024 illud
252 3973 368 4038 addidit,
393 3982 422 4024 ut
438 3989 583 4040 perperam
608 3975 750 4025 comitibus
776 3975 899 4025 omnibus
918 3973 1030 4039 lepatun
1070 3971 1174 4022 Notan-

53 4044 117 4096 dum
135 4063 208 4109 oero,
228 4047 299 4112 quod
320 4065 346 4098 a.
369 4047 448 4099 1198.
468 4064 597 4114 opnomen
616 4048 703 4110 Pium,
728 4063 779 4111 quo
798 4046 850 4097 Β1
875 4043 993 4097 Ottonem
1011 4044 1066 4096 IV.
1093 4045 1174 4096 lano·

53 4118 131 4186 sanit,
143 4129 208 4186 post
226 4137 341 4184 erasum,
360 4120 390 4172 irs
410 4119 457 4172 09
475 4129 610 4172 ceramum
629 4135 692 4183 esse,
711 4121 741 4169 in
761 4117 806 4170 Cl
828 4133 889 4170 sero
905 4117 1011 4183 pariter
1031 4135 1062 4169 ac
1079 4118 1108 4168 in
1123 4114 1175 4167 Aa

6 4257 7 4264 ἵ
53 4191 212 4246 &udmari
250 4191 375 4247 Attamen
400 4211 475 4247 nemo
494 4194 519 4243 A
544 4209 577 4244 eu
595 4192 622 4243 B
646 4191 771 4244 derivare
795 4193 880 4245 uellet.
919 4189 1019 4242 Locum
1043 4208 1069 4242 a.
1092 4190 1174 4242 1181.

6 4269 9 4296 ’
54 4264 81 4317 in
100 4265 265 4320 Gadaum
278 4277 342 4335 post
361 4265 445 4320 codici
463 4265 571 4318 cuidam
589 4266 716 4317 insertum
735 4281 798 4328 esse,
823 4265 905 4316 uerba
932 4263 1025 4316 docere
1050 4262 1177 4317 uidentur
1211 4269 1215 4277 '

55 4338 82 4389 in
102 4339 148 4392 01
179 4349 303 4395 serrata:
330 4340 401 4408 qaod
427 4343 455 4392 in
481 4342 533 4391 hac
553 4338 658 4391 sceduli
678 4339 722 4390 vel
745 4337 896 4404 (seeduli‘l)
919 4355 957 4390 sc.
982 4337 1109 4403 scriptum
1134 4335 1177 4387 vel

54 4424 196 4468 narratum
215 4423 263 4467 est.
337 4414 368 4481 4)
389 4412 429 4482 CJ
442 4413 559 4467 Bbbmer
575 4431 602 4479 p.
617 4425 725 4477 mm
744 4411 884 4463 Lehmann
898 4428 930 4476 p.
951 4412 986 4461 60
1005 4427 1060 4477 sqq.
1091 4468 1093 4470 ,

915 4496 947 4560 Β
