<?xml version="1.0" encoding="UTF-8"?>
<!DOCTYPE html PUBLIC "-//W3C//DTD XHTML 1.0 Transitional//EN"
    "http://www.w3.org/TR/xhtml1/DTD/xhtml1-transitional.dtd">
<html xmlns="http://www.w3.org/1999/xhtml" xml:lang="en" lang="en">
 <head>
  <title>
</title>
<meta http-equiv="Content-Type" content="text/html;charset=utf-8" />
  <meta name='ocr-system' content='tesseract 3.04.00' />
  <meta name='ocr-capabilities' content='ocr_page ocr_carea ocr_par ocr_line ocrx_word'/>
</head>
<body>
  <div class='ocr_page' id='page_1' title='image "./chronicaregiaco01waitgoog_0382.png"; bbox 0 0 2944 5002; ppageno 0'>
   <div class='ocr_carea' id='block_1_1' title="bbox 327 413 1272 468">
    <p class='ocr_par' dir='ltr' id='par_1_1' title="bbox 327 413 1272 468">
     <span class='ocr_line' id='line_1_1' title="bbox 327 413 1272 468; baseline 0.003 -4"><span class='ocrx_word' id='word_1_1' title='bbox 327 415 382 464; x_wconf 78' lang='lat'>350</span> <span class='ocrx_word' id='word_1_2' title='bbox 503 413 653 467; x_wconf 75' lang='lat' dir='ltr'>eosvlul</span> <span class='ocrx_word' id='word_1_3' title='bbox 672 415 718 464; x_wconf 72' lang='lat' dir='ltr'>DE</span> <span class='ocrx_word' id='word_1_4' title='bbox 737 413 893 466; x_wconf 82' lang='lat' dir='ltr'><strong>EXPUGN.</strong></span> <span class='ocrx_word' id='word_1_5' title='bbox 914 414 1093 467; x_wconf 69' lang='lat' dir='ltr'>sanaem:</span> <span class='ocrx_word' id='word_1_6' title='bbox 1114 415 1272 468; x_wconf 65' lang='lat' dir='ltr'>clausu.</span> 
     </span>
    </p>
   </div>
   <div class='ocr_carea' id='block_1_2' title="bbox 353 579 1339 1424">
    <p class='ocr_par' dir='ltr' id='par_1_2' title="bbox 353 579 1339 1424">
     <span class='ocr_line' id='line_1_2' title="bbox 410 579 1212 666; baseline 0.002 -21"><span class='ocrx_word' id='word_1_7' title='bbox 410 581 482 647; x_wconf 89' lang='lat' dir='ltr'>Hec</span> <span class='ocrx_word' id='word_1_8' title='bbox 502 583 566 646; x_wconf 86' lang='lat' dir='ltr'>ruit</span> <span class='ocrx_word' id='word_1_9' title='bbox 586 581 628 646; x_wconf 90' lang='lat' dir='ltr'>ad</span> <span class='ocrx_word' id='word_1_10' title='bbox 650 590 772 664; x_wconf 88' lang='lat' dir='ltr'>cautes,</span> <span class='ocrx_word' id='word_1_11' title='bbox 794 582 827 645; x_wconf 90' lang='lat' dir='ltr'>in</span> <span class='ocrx_word' id='word_1_12' title='bbox 848 579 945 646; x_wconf 92' lang='lat' dir='ltr'>humo</span> <span class='ocrx_word' id='word_1_13' title='bbox 968 581 1129 647; x_wconf 81' lang='lat' dir='ltr'>colliditur</span> <span class='ocrx_word' id='word_1_14' title='bbox 1150 581 1212 666; x_wconf 90' lang='lat' dir='ltr'>illa,</span> 
     </span>
     <span class='ocr_line' id='line_1_3' title="bbox 355 664 1170 752; baseline 0.002 -23"><span class='ocrx_word' id='word_1_15' title='bbox 355 682 391 729; x_wconf 82' lang='lat'>40</span> <span class='ocrx_word' id='word_1_16' title='bbox 475 667 620 730; x_wconf 84' lang='lat' dir='ltr'>Vertitur</span> <span class='ocrx_word' id='word_1_17' title='bbox 640 666 701 731; x_wconf 88' lang='lat' dir='ltr'>ista</span> <span class='ocrx_word' id='word_1_18' title='bbox 721 667 808 748; x_wconf 87' lang='lat' dir='ltr'>ratis,</span> <span class='ocrx_word' id='word_1_19' title='bbox 832 664 886 730; x_wconf 93' lang='lat' dir='ltr'>illa</span> <span class='ocrx_word' id='word_1_20' title='bbox 906 665 1047 752; x_wconf 89' lang='lat' dir='ltr'>repletur</span> <span class='ocrx_word' id='word_1_21' title='bbox 1068 666 1170 752; x_wconf 86' lang='lat' dir='ltr'>aquis,</span> 
     </span>
     <span class='ocr_line' id='line_1_4' title="bbox 411 749 1320 837; baseline 0.002 -23"><span class='ocrx_word' id='word_1_22' title='bbox 411 750 456 815; x_wconf 84' lang='lat' dir='ltr'>Et</span> <span class='ocrx_word' id='word_1_23' title='bbox 476 749 598 837; x_wconf 88' lang='lat' dir='ltr'>relique</span> <span class='ocrx_word' id='word_1_24' title='bbox 620 760 749 836; x_wconf 91' lang='lat' dir='ltr'>portum</span> <span class='ocrx_word' id='word_1_25' title='bbox 771 749 920 832; x_wconf 89' lang='lat' dir='ltr'>subeunt,</span> <span class='ocrx_word' id='word_1_26' title='bbox 943 750 1000 816; x_wconf 90' lang='lat' dir='ltr'>sed</span> <span class='ocrx_word' id='word_1_27' title='bbox 1021 773 1085 815; x_wconf 95' lang='lat' dir='ltr'>non</span> <span class='ocrx_word' id='word_1_28' title='bbox 1107 753 1175 818; x_wconf 90' lang='lat' dir='ltr'>sine</span> <span class='ocrx_word' id='word_1_29' title='bbox 1196 773 1320 836; x_wconf 85' lang='lat' dir='ltr'>magno</span> 
     </span>
     <span class='ocr_line' id='line_1_5' title="bbox 472 834 1274 933; baseline 0.002 -35"><span class='ocrx_word' id='word_1_30' title='bbox 472 835 625 916; x_wconf 88' lang='lat' dir='ltr'>Planctu;</span> <span class='ocrx_word' id='word_1_31' title='bbox 648 856 786 933; x_wconf 90' lang='lat' dir='ltr'>namque</span> <span class='ocrx_word' id='word_1_32' title='bbox 809 834 882 900; x_wconf 89' lang='lat' dir='ltr'>tulit</span> <span class='ocrx_word' id='word_1_33' title='bbox 902 857 1017 921; x_wconf 85' lang='lat' dir='ltr'>aspera</span> <span class='ocrx_word' id='word_1_34' title='bbox 1039 858 1100 921; x_wconf 93' lang='lat' dir='ltr'>que</span> <span class='ocrx_word' id='word_1_35' title='bbox 1124 859 1164 901; x_wconf 92' lang='lat' dir='ltr'>ue</span> <span class='ocrx_word' id='word_1_36' title='bbox 1186 839 1274 901; x_wconf 89' lang='lat' dir='ltr'>ratis.</span> 
     </span>
     <span class='ocr_line' id='line_1_6' title="bbox 411 916 1327 1005; baseline 0.002 -23"><span class='ocrx_word' id='word_1_37' title='bbox 411 918 483 983; x_wconf 90' lang='lat' dir='ltr'>Hec</span> <span class='ocrx_word' id='word_1_38' title='bbox 505 920 622 984; x_wconf 86' lang='lat' dir='ltr'>etenim</span> <span class='ocrx_word' id='word_1_39' title='bbox 644 940 781 1005; x_wconf 87' lang='lat' dir='ltr'>puppim</span> <span class='ocrx_word' id='word_1_40' title='bbox 803 916 941 983; x_wconf 81' lang='lat' dir='ltr'><strong>laceram</strong></span> <span class='ocrx_word' id='word_1_41' title='bbox 963 921 1073 1005; x_wconf 81' lang='lat' dir='ltr'>gemit,</span> <span class='ocrx_word' id='word_1_42' title='bbox 1096 920 1103 935; x_wconf 81' lang='grc'><strong>’</strong></span> <span class='ocrx_word' id='word_1_43' title='bbox 1129 922 1327 1005; x_wconf 83' lang='lat' dir='ltr'>acerinam,</span> 
     </span>
     <span class='ocr_line' id='line_1_7' title="bbox 472 1001 1213 1089; baseline 0.007 -23"><span class='ocrx_word' id='word_1_44' title='bbox 472 1003 543 1068; x_wconf 90' lang='lat' dir='ltr'>Heo</span> <span class='ocrx_word' id='word_1_45' title='bbox 565 1003 656 1066; x_wconf 89' lang='lat' dir='ltr'>navis</span> <span class='ocrx_word' id='word_1_46' title='bbox 678 1023 807 1088; x_wconf 86' lang='lat' dir='ltr'>proram</span> <span class='ocrx_word' id='word_1_47' title='bbox 829 1001 954 1089; x_wconf 86' lang='lat' dir='ltr'>plangit</span> <span class='ocrx_word' id='word_1_48' title='bbox 975 1015 1007 1068; x_wconf 90' lang='lat' dir='ltr'>et</span> <span class='ocrx_word' id='word_1_49' title='bbox 1026 1003 1081 1068; x_wconf 88' lang='lat' dir='ltr'>illa</span> <span class='ocrx_word' id='word_1_50' title='bbox 1102 1015 1213 1071; x_wconf 88' lang='lat' dir='ltr'>ratem.</span> 
     </span>
     <span class='ocr_line' id='line_1_8' title="bbox 353 1085 1339 1175; baseline 0.004 -25"><span class='ocrx_word' id='word_1_51' title='bbox 353 1102 389 1150; x_wconf 74' lang='lat'>45</span> <span class='ocrx_word' id='word_1_52' title='bbox 413 1085 508 1152; x_wconf 81' lang='lat' dir='ltr'>Cedit</span> <span class='ocrx_word' id='word_1_53' title='bbox 528 1109 629 1174; x_wconf 81' lang='lat' dir='ltr'>yeme,</span> <span class='ocrx_word' id='word_1_54' title='bbox 652 1088 756 1151; x_wconf 88' lang='lat' dir='ltr'>socios</span> <span class='ocrx_word' id='word_1_55' title='bbox 779 1089 981 1174; x_wconf 79' lang='lat' dir='ltr'>complanans</span> <span class='ocrx_word' id='word_1_56' title='bbox 1003 1087 1056 1153; x_wconf 93' lang='lat' dir='ltr'>hic</span> <span class='ocrx_word' id='word_1_57' title='bbox 1077 1088 1142 1172; x_wconf 88' lang='lat' dir='ltr'>flet,</span> <span class='ocrx_word' id='word_1_58' title='bbox 1165 1110 1243 1175; x_wconf 89' lang='lat' dir='ltr'>opes</span> <span class='ocrx_word' id='word_1_59' title='bbox 1265 1089 1339 1172; x_wconf 88' lang='lat' dir='ltr'>hic;</span> 
     </span>
     <span class='ocr_line' id='line_1_9' title="bbox 471 1170 1239 1258; baseline 0.003 -23"><span class='ocrx_word' id='word_1_60' title='bbox 471 1170 529 1236; x_wconf 93' lang='lat' dir='ltr'>Ille</span> <span class='ocrx_word' id='word_1_61' title='bbox 550 1171 660 1256; x_wconf 85' lang='lat' dir='ltr'>legens</span> <span class='ocrx_word' id='word_1_62' title='bbox 682 1170 786 1236; x_wconf 89' lang='lat' dir='ltr'>lacere</span> <span class='ocrx_word' id='word_1_63' title='bbox 808 1173 964 1258; x_wconf 85' lang='lat' dir='ltr'>naufraga</span> <span class='ocrx_word' id='word_1_64' title='bbox 985 1172 1131 1237; x_wconf 89' lang='lat' dir='ltr'>membra</span> <span class='ocrx_word' id='word_1_65' title='bbox 1150 1175 1239 1255; x_wconf 87' lang='lat' dir='ltr'>ratis,</span> 
     </span>
     <span class='ocr_line' id='line_1_10' title="bbox 409 1255 1245 1344; baseline 0.002 -25"><span class='ocrx_word' id='word_1_66' title='bbox 409 1255 480 1320; x_wconf 91' lang='lat' dir='ltr'>Iam</span> <span class='ocrx_word' id='word_1_67' title='bbox 500 1265 629 1341; x_wconf 87' lang='lat' dir='ltr'>reparat</span> <span class='ocrx_word' id='word_1_68' title='bbox 648 1256 733 1320; x_wconf 85' lang='lat' dir='ltr'>vires</span> <span class='ocrx_word' id='word_1_69' title='bbox 755 1255 876 1337; x_wconf 87' lang='lat' dir='ltr'>classis,</span> <span class='ocrx_word' id='word_1_70' title='bbox 898 1279 956 1322; x_wconf 89' lang='lat' dir='ltr'>sua</span> <span class='ocrx_word' id='word_1_71' title='bbox 977 1256 1110 1322; x_wconf 91' lang='lat' dir='ltr'>vulnera</span> <span class='ocrx_word' id='word_1_72' title='bbox 1132 1259 1245 1344; x_wconf 87' lang='lat' dir='ltr'>quevis</span> 
     </span>
     <span class='ocr_line' id='line_1_11' title="bbox 473 1338 1169 1424; baseline 0.001 -19"><span class='ocrx_word' id='word_1_73' title='bbox 473 1338 629 1424; x_wconf 72' lang='lat' dir='ltr'>Curatur,</span> <span class='ocrx_word' id='word_1_74' title='bbox 651 1350 802 1405; x_wconf 88' lang='lat' dir='ltr'>resonant</span> <span class='ocrx_word' id='word_1_75' title='bbox 821 1339 928 1405; x_wconf 89' lang='lat' dir='ltr'>littora</span> <span class='ocrx_word' id='word_1_76' title='bbox 949 1341 1035 1406; x_wconf 90' lang='lat' dir='ltr'>mille</span> <span class='ocrx_word' id='word_1_77' title='bbox 1056 1341 1169 1406; x_wconf 91' lang='lat' dir='ltr'>modis.</span> 
     </span>
    </p>
   </div>
   <div class='ocr_carea' id='block_1_3' title="bbox 347 1460 1396 3486">
    <p class='ocr_par' dir='ltr' id='par_1_3' title="bbox 347 1460 1396 3486">
     <span class='ocr_line' id='line_1_12' title="bbox 408 1460 1174 1546; baseline 0.004 -22"><span class='ocrx_word' id='word_1_78' title='bbox 408 1466 522 1531; x_wconf 74' lang='lat' dir='ltr'>Eurus</span> <span class='ocrx_word' id='word_1_79' title='bbox 545 1460 690 1542; x_wconf 86' lang='lat' dir='ltr'>discedit,</span> <span class='ocrx_word' id='word_1_80' title='bbox 711 1460 860 1546; x_wconf 87' lang='lat' dir='ltr'>zephirus</span> <span class='ocrx_word' id='word_1_81' title='bbox 883 1460 1053 1543; x_wconf 87' lang='lat' dir='ltr'>blanditur,</span> <span class='ocrx_word' id='word_1_82' title='bbox 1075 1472 1107 1527; x_wconf 89' lang='lat' dir='ltr'>et</span> <span class='ocrx_word' id='word_1_83' title='bbox 1127 1463 1174 1527; x_wconf 88' lang='lat' dir='ltr'>ire</span> 
     </span>
     <span class='ocr_line' id='line_1_13' title="bbox 352 1545 1258 1633; baseline 0.003 -24"><span class='ocrx_word' id='word_1_84' title='bbox 352 1560 388 1609; x_wconf 81' lang='lat' dir='ltr'>oo</span> <span class='ocrx_word' id='word_1_85' title='bbox 472 1545 641 1632; x_wconf 85' lang='lat' dir='ltr'>Tanquam</span> <span class='ocrx_word' id='word_1_86' title='bbox 664 1547 807 1632; x_wconf 86' lang='lat' dir='ltr'>peniteat</span> <span class='ocrx_word' id='word_1_87' title='bbox 828 1568 872 1628; x_wconf 88' lang='lat' dir='ltr'>se,</span> <span class='ocrx_word' id='word_1_88' title='bbox 893 1545 974 1610; x_wconf 86' lang='lat' dir='ltr'>freta</span> <span class='ocrx_word' id='word_1_89' title='bbox 995 1545 1113 1612; x_wconf 90' lang='lat' dir='ltr'>blanda</span> <span class='ocrx_word' id='word_1_90' title='bbox 1134 1555 1258 1633; x_wconf 88' lang='lat' dir='ltr'>parent.</span> 
     </span>
     <span class='ocr_line' id='line_1_14' title="bbox 408 1628 1211 1715; baseline 0.005 -23"><span class='ocrx_word' id='word_1_91' title='bbox 408 1630 437 1692; x_wconf 82' lang='lat' dir='ltr'>E</span> <span class='ocrx_word' id='word_1_92' title='bbox 459 1640 555 1715; x_wconf 91' lang='lat' dir='ltr'>portu</span> <span class='ocrx_word' id='word_1_93' title='bbox 578 1629 663 1695; x_wconf 89' lang='lat' dir='ltr'>cedit</span> <span class='ocrx_word' id='word_1_94' title='bbox 684 1628 803 1711; x_wconf 83' lang='lat' dir='ltr'>classis,</span> <span class='ocrx_word' id='word_1_95' title='bbox 825 1630 882 1694; x_wconf 87' lang='lat' dir='ltr'>sed</span> <span class='ocrx_word' id='word_1_96' title='bbox 903 1629 950 1694; x_wconf 91' lang='lat' dir='ltr'>ibi</span> <span class='ocrx_word' id='word_1_97' title='bbox 972 1642 1079 1696; x_wconf 85' lang='lat' dir='ltr'>tamen</span> <span class='ocrx_word' id='word_1_98' title='bbox 1100 1641 1211 1696; x_wconf 79' lang='lat' dir='ltr'>erenta</span> 
     </span>
     <span class='ocr_line' id='line_1_15' title="bbox 469 1714 1192 1814; baseline 0.004 -36"><span class='ocrx_word' id='word_1_99' title='bbox 469 1715 564 1799; x_wconf 88' lang='lat' dir='ltr'>Rupe</span> <span class='ocrx_word' id='word_1_100' title='bbox 586 1714 649 1780; x_wconf 91' lang='lat' dir='ltr'>due</span> <span class='ocrx_word' id='word_1_101' title='bbox 671 1735 769 1777; x_wconf 89' lang='lat' dir='ltr'>naves</span> <span class='ocrx_word' id='word_1_102' title='bbox 789 1714 1057 1814; x_wconf 72' lang='lat' dir='ltr'>naufragiumque</span> <span class='ocrx_word' id='word_1_103' title='bbox 1078 1715 1192 1781; x_wconf 87' lang='lat' dir='ltr'>ferunt.</span> 
     </span>
     <span class='ocr_line' id='line_1_16' title="bbox 406 1796 1152 1898; baseline 0.004 -37"><span class='ocrx_word' id='word_1_104' title='bbox 406 1798 550 1862; x_wconf 89' lang='lat' dir='ltr'>Auriferi</span> <span class='ocrx_word' id='word_1_105' title='bbox 571 1797 695 1898; x_wconf 89' lang='lat' dir='ltr'>reliqua</span> <span class='ocrx_word' id='word_1_106' title='bbox 716 1796 828 1862; x_wconf 88' lang='lat' dir='ltr'>classis</span> <span class='ocrx_word' id='word_1_107' title='bbox 850 1808 931 1884; x_wconf 84' lang='lat' dir='ltr'>petit</span> <span class='ocrx_word' id='word_1_108' title='bbox 953 1811 1034 1864; x_wconf 85' lang='lat' dir='ltr'>ostia</span> <span class='ocrx_word' id='word_1_109' title='bbox 1055 1799 1152 1886; x_wconf 82' lang='lat' dir='ltr'>Tagi3</span> 
     </span>
     <span class='ocr_line' id='line_1_17' title="bbox 471 1883 1272 1968; baseline 0.005 -22"><span class='ocrx_word' id='word_1_110' title='bbox 471 1883 565 1946; x_wconf 88' lang='lat' dir='ltr'>Hanc</span> <span class='ocrx_word' id='word_1_111' title='bbox 586 1885 703 1968; x_wconf 86' lang='lat' dir='ltr'>recipit</span> <span class='ocrx_word' id='word_1_112' title='bbox 747 1891 834 1947; x_wconf 90' lang='lat' dir='ltr'>ortus</span> <span class='ocrx_word' id='word_1_113' title='bbox 856 1905 974 1948; x_wconf 89' lang='lat' dir='ltr'>nomen</span> <span class='ocrx_word' id='word_1_114' title='bbox 995 1883 1118 1948; x_wconf 87' lang='lat' dir='ltr'>Ulixsis</span> <span class='ocrx_word' id='word_1_115' title='bbox 1140 1884 1272 1950; x_wconf 87' lang='lat' dir='ltr'>habens.</span> 
     </span>
     <span class='ocr_line' id='line_1_18' title="bbox 351 1905 1175 2053; baseline 0.005 -24"><span class='ocrx_word' id='word_1_116' title='bbox 351 1980 386 2029; x_wconf 78' lang='lat'>55</span> <span class='ocrx_word' id='word_1_117' title='bbox 408 1964 500 2030; x_wconf 89' lang='lat' dir='ltr'>lllam</span> <span class='ocrx_word' id='word_1_118' title='bbox 523 1966 704 2032; x_wconf 86' lang='lat' dir='ltr'>christicole</span> <span class='ocrx_word' id='word_1_119' title='bbox 723 1905 866 2032; x_wconf 80' lang='lat' dir='ltr'>letantur</span> <span class='ocrx_word' id='word_1_120' title='bbox 887 1968 1013 2050; x_wconf 82' lang='lat' dir='ltr'>adesse3</span> <span class='ocrx_word' id='word_1_121' title='bbox 1036 1968 1175 2053; x_wconf 84' lang='lat' dir='ltr'>benigne</span> 
     </span>
     <span class='ocr_line' id='line_1_19' title="bbox 468 2050 1203 2150; baseline 0 -34"><span class='ocrx_word' id='word_1_122' title='bbox 468 2050 605 2116; x_wconf 86' lang='lat' dir='ltr'>Advena</span> <span class='ocrx_word' id='word_1_123' title='bbox 626 2051 811 2150; x_wconf 86' lang='lat' dir='ltr'>suscipitur,</span> <span class='ocrx_word' id='word_1_124' title='bbox 832 2051 1078 2150; x_wconf 90' lang='lat' dir='ltr'>hospiciumque</span> <span class='ocrx_word' id='word_1_125' title='bbox 1100 2052 1203 2118; x_wconf 88' lang='lat' dir='ltr'>datur.</span> 
     </span>
     <span class='ocr_line' id='line_1_20' title="bbox 405 2134 1279 2222; baseline 0.001 -23"><span class='ocrx_word' id='word_1_126' title='bbox 405 2134 518 2202; x_wconf 90' lang='lat' dir='ltr'>Presul</span> <span class='ocrx_word' id='word_1_127' title='bbox 538 2135 629 2201; x_wconf 84' lang='lat' dir='ltr'>adest</span> <span class='ocrx_word' id='word_1_128' title='bbox 649 2145 761 2221; x_wconf 88' lang='lat' dir='ltr'>patne,</span> <span class='ocrx_word' id='word_1_129' title='bbox 783 2158 968 2222; x_wconf 84' lang='lat' dir='ltr'>peregrinos</span> <span class='ocrx_word' id='word_1_130' title='bbox 990 2146 1146 2220; x_wconf 87' lang='lat' dir='ltr'>munerat,</span> <span class='ocrx_word' id='word_1_131' title='bbox 1168 2159 1279 2202; x_wconf 88' lang='lat' dir='ltr'>omnes</span> 
     </span>
     <span class='ocr_line' id='line_1_21' title="bbox 469 2218 1142 2306; baseline 0.003 -22"><span class='ocrx_word' id='word_1_132' title='bbox 469 2218 645 2302; x_wconf 83' lang='lat' dir='ltr'>Convocat,</span> <span class='ocrx_word' id='word_1_133' title='bbox 668 2220 785 2284; x_wconf 85' lang='lat' dir='ltr'>affatur</span> <span class='ocrx_word' id='word_1_134' title='bbox 805 2230 838 2286; x_wconf 89' lang='lat' dir='ltr'>et</span> <span class='ocrx_word' id='word_1_135' title='bbox 857 2222 912 2306; x_wconf 91' lang='lat' dir='ltr'>pia</span> <span class='ocrx_word' id='word_1_136' title='bbox 932 2220 1032 2287; x_wconf 91' lang='lat' dir='ltr'>verba</span> <span class='ocrx_word' id='word_1_137' title='bbox 1053 2224 1142 2287; x_wconf 90' lang='lat' dir='ltr'>serit:</span> 
     </span>
     <span class='ocr_line' id='line_1_22' title="bbox 406 2302 1311 2389; baseline 0.002 -21"><span class='ocrx_word' id='word_1_138' title='bbox 406 2303 447 2368; x_wconf 86' lang='lat' dir='ltr'>‘O</span> <span class='ocrx_word' id='word_1_139' title='bbox 469 2302 592 2386; x_wconf 88' lang='lat' dir='ltr'>fratres,</span> <span class='ocrx_word' id='word_1_140' title='bbox 614 2303 726 2368; x_wconf 87' lang='lat' dir='ltr'>famuli</span> <span class='ocrx_word' id='word_1_141' title='bbox 745 2303 875 2386; x_wconf 78' lang='lat' dir='ltr'>Christi,</span> <span class='ocrx_word' id='word_1_142' title='bbox 897 2309 1003 2370; x_wconf 90' lang='lat' dir='ltr'>crucis</span> <span class='ocrx_word' id='word_1_143' title='bbox 1025 2305 1171 2371; x_wconf 90' lang='lat' dir='ltr'>hostibus</span> <span class='ocrx_word' id='word_1_144' title='bbox 1192 2304 1311 2389; x_wconf 88' lang='lat' dir='ltr'>hostes,</span> 
     </span>
     <span class='ocr_line' id='line_1_23' title="bbox 351 2387 1126 2476; baseline 0.005 -26"><span class='ocrx_word' id='word_1_145' title='bbox 351 2402 386 2450; x_wconf 80' lang='lat'>60</span> <span class='ocrx_word' id='word_1_146' title='bbox 471 2387 639 2474; x_wconf 88' lang='lat' dir='ltr'>Spretores</span> <span class='ocrx_word' id='word_1_147' title='bbox 661 2387 773 2453; x_wconf 91' lang='lat' dir='ltr'>mundi</span> <span class='ocrx_word' id='word_1_148' title='bbox 794 2390 995 2476; x_wconf 89' lang='lat' dir='ltr'>martiriique</span> <span class='ocrx_word' id='word_1_149' title='bbox 1017 2389 1126 2473; x_wconf 89' lang='lat' dir='ltr'>decus,</span> 
     </span>
     <span class='ocr_line' id='line_1_24' title="bbox 404 2471 1288 2561; baseline 0.003 -25"><span class='ocrx_word' id='word_1_150' title='bbox 404 2471 450 2536; x_wconf 92' lang='lat' dir='ltr'>Ut</span> <span class='ocrx_word' id='word_1_151' title='bbox 494 2482 568 2555; x_wconf 90' lang='lat' dir='ltr'>atet,</span> <span class='ocrx_word' id='word_1_152' title='bbox 590 2476 631 2538; x_wconf 87' lang='lat' dir='ltr'>ad</span> <span class='ocrx_word' id='word_1_153' title='bbox 652 2484 777 2538; x_wconf 87' lang='lat' dir='ltr'>nostras</span> <span class='ocrx_word' id='word_1_154' title='bbox 800 2473 959 2539; x_wconf 90' lang='lat' dir='ltr'>Dominus</span> <span class='ocrx_word' id='word_1_155' title='bbox 980 2496 1039 2538; x_wconf 90' lang='lat' dir='ltr'>vos</span> <span class='ocrx_word' id='word_1_156' title='bbox 1061 2474 1163 2561; x_wconf 88' lang='lat' dir='ltr'>apulit</span> <span class='ocrx_word' id='word_1_157' title='bbox 1184 2473 1288 2556; x_wconf 88' lang='lat' dir='ltr'>horas,</span> 
     </span>
     <span class='ocr_line' id='line_1_25' title="bbox 467 2495 1268 2645; baseline 0.002 -23"><span class='ocrx_word' id='word_1_158' title='bbox 467 2495 513 2623; x_wconf 71' lang='lat' dir='ltr'>bt</span> <span class='ocrx_word' id='word_1_159' title='bbox 532 2567 643 2643; x_wconf 88' lang='lat' dir='ltr'>pereat</span> <span class='ocrx_word' id='word_1_160' title='bbox 662 2567 806 2622; x_wconf 92' lang='lat' dir='ltr'>nostrum</span> <span class='ocrx_word' id='word_1_161' title='bbox 828 2567 934 2622; x_wconf 87' lang='lat' dir='ltr'>vestra</span> <span class='ocrx_word' id='word_1_162' title='bbox 955 2581 1013 2645; x_wconf 87' lang='lat' dir='ltr'>per·</span> <span class='ocrx_word' id='word_1_163' title='bbox 1034 2580 1124 2623; x_wconf 87' lang='lat' dir='ltr'>arma</span> <span class='ocrx_word' id='word_1_164' title='bbox 1145 2560 1268 2645; x_wconf 86' lang='lat' dir='ltr'>iugum.</span> 
     </span>
     <span class='ocr_line' id='line_1_26' title="bbox 403 2639 1371 2728; baseline 0.006 -25"><span class='ocrx_word' id='word_1_165' title='bbox 403 2639 464 2706; x_wconf 84' lang='lat' dir='ltr'>Est</span> <span class='ocrx_word' id='word_1_166' title='bbox 507 2663 585 2728; x_wconf 92' lang='lat' dir='ltr'>rope</span> <span class='ocrx_word' id='word_1_167' title='bbox 607 2664 665 2706; x_wconf 89' lang='lat' dir='ltr'>nos</span> <span class='ocrx_word' id='word_1_168' title='bbox 687 2651 825 2706; x_wconf 88' lang='lat' dir='ltr'>castrum</span> <span class='ocrx_word' id='word_1_169' title='bbox 848 2665 945 2728; x_wconf 86' lang='lat' dir='ltr'>super</span> <span class='ocrx_word' id='word_1_170' title='bbox 967 2643 1075 2708; x_wconf 88' lang='lat' dir='ltr'>omnia</span> <span class='ocrx_word' id='word_1_171' title='bbox 1096 2652 1202 2708; x_wconf 88' lang='lat' dir='ltr'>castra</span> <span class='ocrx_word' id='word_1_172' title='bbox 1222 2643 1371 2709; x_wconf 91' lang='lat' dir='ltr'>nocivum</span> 
     </span>
     <span class='ocr_line' id='line_1_27' title="bbox 534 2724 1192 2808; baseline 0.003 -18"><span class='ocrx_word' id='word_1_173' title='bbox 534 2724 674 2808; x_wconf 73' lang='grc'><strong>11101111,</strong></span> <span class='ocrx_word' id='word_1_174' title='bbox 696 2748 813 2792; x_wconf 91' lang='lat' dir='ltr'>nomen</span> <span class='ocrx_word' id='word_1_175' title='bbox 832 2726 966 2793; x_wconf 86' lang='lat' dir='ltr'>Alcaser</span> <span class='ocrx_word' id='word_1_176' title='bbox 986 2726 1066 2792; x_wconf 92' lang='lat' dir='ltr'>illud</span> <span class='ocrx_word' id='word_1_177' title='bbox 1087 2728 1192 2794; x_wconf 86' lang='lat' dir='ltr'>habet</span> 
     </span>
     <span class='ocr_line' id='line_1_28' title="bbox 348 2807 1396 2898; baseline 0.006 -26"><span class='ocrx_word' id='word_1_178' title='bbox 348 2823 383 2873; x_wconf 76' lang='lat'>6⁶</span> <span class='ocrx_word' id='word_1_179' title='bbox 406 2807 467 2873; x_wconf 84' lang='lat' dir='ltr'>‘Al&#39;</span> <span class='ocrx_word' id='word_1_180' title='bbox 489 2810 568 2875; x_wconf 86' lang='lat' dir='ltr'>deus</span> <span class='ocrx_word' id='word_1_181' title='bbox 590 2821 647 2892; x_wconf 88' lang='lat' dir='ltr'>est,</span> <span class='ocrx_word' id='word_1_182' title='bbox 670 2822 875 2896; x_wconf 87' lang='lat' dir='ltr'>castrumque</span> <span class='ocrx_word' id='word_1_183' title='bbox 897 2815 1015 2895; x_wconf 88' lang='lat' dir='ltr'>‘caser’,</span> <span class='ocrx_word' id='word_1_184' title='bbox 1038 2823 1243 2898; x_wconf 89' lang='lat' dir='ltr'>castrumque</span> <span class='ocrx_word' id='word_1_185' title='bbox 1266 2811 1396 2878; x_wconf 88' lang='lat' dir='ltr'>deorum</span> 
     </span>
     <span class='ocr_line' id='line_1_29' title="bbox 465 2894 1255 2981; baseline 0.005 -23"><span class='ocrx_word' id='word_1_186' title='bbox 465 2895 581 2960; x_wconf 85' lang='lat' dir='ltr'>Fertur</span> <span class='ocrx_word' id='word_1_187' title='bbox 601 2894 688 2981; x_wconf 87' lang='lat' dir='ltr'>apud</span> <span class='ocrx_word' id='word_1_188' title='bbox 709 2904 835 2980; x_wconf 74' lang='lat' dir='ltr'>gentes,</span> <span class='ocrx_word' id='word_1_189' title='bbox 858 2894 892 2959; x_wconf 92' lang='lat' dir='ltr'>id</span> <span class='ocrx_word' id='word_1_190' title='bbox 913 2906 1117 2979; x_wconf 89' lang='lat' dir='ltr'>venerantur,</span> <span class='ocrx_word' id='word_1_191' title='bbox 1138 2907 1255 2962; x_wconf 85' lang='lat' dir='ltr'>amant.</span> 
     </span>
     <span class='ocr_line' id='line_1_30' title="bbox 403 2978 1292 3067; baseline 0.003 -25"><span class='ocrx_word' id='word_1_192' title='bbox 403 2978 479 3043; x_wconf 92' lang='lat' dir='ltr'>Huc</span> <span class='ocrx_word' id='word_1_193' title='bbox 500 2978 541 3042; x_wconf 85' lang='lat' dir='ltr'>ad</span> <span class='ocrx_word' id='word_1_194' title='bbox 563 2979 739 3067; x_wconf 85' lang='lat' dir='ltr'>perniciem</span> <span class='ocrx_word' id='word_1_195' title='bbox 761 2990 902 3044; x_wconf 91' lang='lat' dir='ltr'>nostram</span> <span class='ocrx_word' id='word_1_196' title='bbox 925 3002 984 3044; x_wconf 90' lang='lat' dir='ltr'>sua</span> <span class='ocrx_word' id='word_1_197' title='bbox 1005 3002 1140 3045; x_wconf 86' lang='lat' dir='ltr'>munera</span> <span class='ocrx_word' id='word_1_198' title='bbox 1160 2981 1292 3046; x_wconf 91' lang='lat' dir='ltr'>mittunt</span> 
     </span>
     <span class='ocr_line' id='line_1_31' title="bbox 466 3063 1304 3150; baseline 0.002 -24"><span class='ocrx_word' id='word_1_199' title='bbox 466 3063 640 3150; x_wconf 86' lang='lat' dir='ltr'>Armaque,</span> <span class='ocrx_word' id='word_1_200' title='bbox 662 3085 736 3127; x_wconf 89' lang='lat' dir='ltr'>cum</span> <span class='ocrx_word' id='word_1_201' title='bbox 759 3074 886 3150; x_wconf 89' lang='lat' dir='ltr'>tempus</span> <span class='ocrx_word' id='word_1_202' title='bbox 909 3064 1019 3129; x_wconf 89' lang='lat' dir='ltr'>mortis</span> <span class='ocrx_word' id='word_1_203' title='bbox 1041 3065 1153 3130; x_wconf 88' lang='lat' dir='ltr'>adesse</span> <span class='ocrx_word' id='word_1_204' title='bbox 1174 3075 1304 3150; x_wconf 79' lang='lat' dir='ltr'>putant3</span> 
     </span>
     <span class='ocr_line' id='line_1_32' title="bbox 403 3146 1168 3234; baseline 0 -22"><span class='ocrx_word' id='word_1_205' title='bbox 403 3146 654 3233; x_wconf 88' lang='lat' dir='ltr'>Castrensesque</span> <span class='ocrx_word' id='word_1_206' title='bbox 676 3169 735 3212; x_wconf 90' lang='lat' dir='ltr'>suo</span> <span class='ocrx_word' id='word_1_207' title='bbox 756 3150 826 3234; x_wconf 86' lang='lat' dir='ltr'>regi</span> <span class='ocrx_word' id='word_1_208' title='bbox 848 3147 925 3212; x_wconf 87' lang='lat' dir='ltr'>dant</span> <span class='ocrx_word' id='word_1_209' title='bbox 946 3147 1063 3214; x_wconf 88' lang='lat' dir='ltr'>colibet</span> <span class='ocrx_word' id='word_1_210' title='bbox 1084 3171 1168 3213; x_wconf 90' lang='lat' dir='ltr'>anno</span> 
     </span>
     <span class='ocr_line' id='line_1_33' title="bbox 347 3230 1264 3333; baseline 0.004 -39"><span class='ocrx_word' id='word_1_211' title='bbox 347 3245 381 3295; x_wconf 80' lang='lat'>70</span> <span class='ocrx_word' id='word_1_212' title='bbox 467 3230 604 3297; x_wconf 91' lang='lat' dir='ltr'>Centum</span> <span class='ocrx_word' id='word_1_213' title='bbox 626 3231 839 3315; x_wconf 81' lang='lat' dir='ltr'>christicoles3</span> <span class='ocrx_word' id='word_1_214' title='bbox 867 3231 1020 3297; x_wconf 89' lang='lat' dir='ltr'>solvimus</span> <span class='ocrx_word' id='word_1_215' title='bbox 1041 3235 1104 3298; x_wconf 88' lang='lat' dir='ltr'>ista</span> <span class='ocrx_word' id='word_1_216' title='bbox 1125 3232 1264 3333; x_wconf 88' lang='lat' dir='ltr'>quidem.</span> 
     </span>
     <span class='ocr_line' id='line_1_34' title="bbox 400 3315 1184 3404; baseline 0 -24"><span class='ocrx_word' id='word_1_217' title='bbox 400 3316 441 3380; x_wconf 93' lang='lat' dir='ltr'>In</span> <span class='ocrx_word' id='word_1_218' title='bbox 484 3317 568 3380; x_wconf 92' lang='lat' dir='ltr'>uinis</span> <span class='ocrx_word' id='word_1_219' title='bbox 588 3315 695 3380; x_wconf 88' lang='lat' dir='ltr'>lustris</span> <span class='ocrx_word' id='word_1_220' title='bbox 718 3316 884 3381; x_wconf 91' lang='lat' dir='ltr'>hominum</span> <span class='ocrx_word' id='word_1_221' title='bbox 906 3326 955 3382; x_wconf 90' lang='lat' dir='ltr'>ter</span> <span class='ocrx_word' id='word_1_222' title='bbox 975 3317 1065 3381; x_wconf 90' lang='lat' dir='ltr'>milia</span> <span class='ocrx_word' id='word_1_223' title='bbox 1086 3339 1184 3404; x_wconf 89' lang='lat' dir='ltr'>quma</span> 
     </span>
     <span class='ocr_line' id='line_1_35' title="bbox 462 3339 1025 3486; baseline 0.002 -23"><span class='ocrx_word' id='word_1_224' title='bbox 462 3339 515 3464; x_wconf 81' lang='lat' dir='ltr'>llli</span> <span class='ocrx_word' id='word_1_225' title='bbox 538 3411 693 3486; x_wconf 87' lang='lat' dir='ltr'>ceperunt</span> <span class='ocrx_word' id='word_1_226' title='bbox 715 3402 782 3465; x_wconf 91' lang='lat' dir='ltr'>sive</span> <span class='ocrx_word' id='word_1_227' title='bbox 804 3400 922 3466; x_wconf 90' lang='lat' dir='ltr'>dedere</span> <span class='ocrx_word' id='word_1_228' title='bbox 942 3403 1025 3466; x_wconf 90' lang='lat' dir='ltr'>neci.</span> 
     </span>
    </p>
   </div>
   <div class='ocr_carea' id='block_1_4' title="bbox 341 3519 1305 4368">
    <p class='ocr_par' dir='ltr' id='par_1_4' title="bbox 341 3519 1305 4368">
     <span class='ocr_line' id='line_1_36' title="bbox 400 3519 1305 3608; baseline 0.001 -24"><span class='ocrx_word' id='word_1_229' title='bbox 400 3527 486 3594; x_wconf 76' lang='lat' dir='ltr'>Rex</span> <span class='ocrx_word' id='word_1_230' title='bbox 501 3519 647 3586; x_wconf 87' lang='lat' dir='ltr'>Christus</span> <span class='ocrx_word' id='word_1_231' title='bbox 661 3521 756 3586; x_wconf 88' lang='lat' dir='ltr'>nobis</span> <span class='ocrx_word' id='word_1_232' title='bbox 771 3520 862 3586; x_wconf 91' lang='lat' dir='ltr'>dabit</span> <span class='ocrx_word' id='word_1_233' title='bbox 882 3522 935 3587; x_wconf 88' lang='lat' dir='ltr'>hic</span> <span class='ocrx_word' id='word_1_234' title='bbox 957 3545 1015 3587; x_wconf 88' lang='lat' dir='ltr'>sua</span> <span class='ocrx_word' id='word_1_235' title='bbox 1028 3543 1130 3608; x_wconf 87' lang='lat' dir='ltr'>regna</span> <span class='ocrx_word' id='word_1_236' title='bbox 1144 3521 1305 3605; x_wconf 88' lang='lat' dir='ltr'>merenda,</span> 
     </span>
     <span class='ocr_line' id='line_1_37' title="bbox 463 3605 1178 3672; baseline 0.006 -4"><span class='ocrx_word' id='word_1_237' title='bbox 463 3605 583 3670; x_wconf 87' lang='lat' dir='ltr'>Hostes</span> <span class='ocrx_word' id='word_1_238' title='bbox 602 3605 660 3670; x_wconf 90' lang='lat' dir='ltr'>hos</span> <span class='ocrx_word' id='word_1_239' title='bbox 682 3606 750 3670; x_wconf 88' lang='lat' dir='ltr'>eius</span> <span class='ocrx_word' id='word_1_240' title='bbox 771 3608 897 3671; x_wconf 85' lang='lat' dir='ltr'>menteb</span> <span class='ocrx_word' id='word_1_241' title='bbox 919 3607 1051 3672; x_wconf 89' lang='lat' dir='ltr'>terendo</span> <span class='ocrx_word' id='word_1_242' title='bbox 1072 3628 1178 3672; x_wconf 84' lang='lat' dir='ltr'>manu.</span> 
     </span>
     <span class='ocr_line' id='line_1_38' title="bbox 348 3688 1296 3778; baseline 0 -25"><span class='ocrx_word' id='word_1_243' title='bbox 348 3703 382 3754; x_wconf 77' lang='lat' dir='ltr'>to</span> <span class='ocrx_word' id='word_1_244' title='bbox 404 3690 476 3753; x_wconf 89' lang='lat' dir='ltr'>Non</span> <span class='ocrx_word' id='word_1_245' title='bbox 498 3692 579 3755; x_wconf 69' lang='grc' dir='ltr'>1111ο</span> <span class='ocrx_word' id='word_1_246' title='bbox 600 3688 662 3755; x_wconf 96' lang='lat' dir='ltr'>hoc</span> <span class='ocrx_word' id='word_1_247' title='bbox 683 3711 767 3755; x_wconf 89' lang='lat' dir='ltr'>anno</span> <span class='ocrx_word' id='word_1_248' title='bbox 788 3689 881 3756; x_wconf 88' lang='lat' dir='ltr'>vobis</span> <span class='ocrx_word' id='word_1_249' title='bbox 905 3691 1005 3757; x_wconf 87' lang='lat' dir='ltr'>Sacra</span> <span class='ocrx_word' id='word_1_250' title='bbox 1025 3691 1126 3757; x_wconf 83' lang='lat' dir='ltr'>Terra</span> <span class='ocrx_word' id='word_1_251' title='bbox 1148 3689 1296 3778; x_wconf 90' lang='lat' dir='ltr'>petenda,</span> 
     </span>
     <span class='ocr_line' id='line_1_39' title="bbox 462 3773 1273 3862; baseline 0.002 -24"><span class='ocrx_word' id='word_1_252' title='bbox 462 3774 608 3840; x_wconf 84' lang='lat' dir='ltr'>Navibus</span> <span class='ocrx_word' id='word_1_253' title='bbox 629 3773 691 3839; x_wconf 89' lang='lat' dir='ltr'>hoo</span> <span class='ocrx_word' id='word_1_254' title='bbox 712 3775 830 3839; x_wconf 87' lang='lat' dir='ltr'>etenim</span> <span class='ocrx_word' id='word_1_255' title='bbox 851 3785 977 3862; x_wconf 92' lang='lat' dir='ltr'>tempus</span> <span class='ocrx_word' id='word_1_256' title='bbox 999 3786 1032 3841; x_wconf 89' lang='lat' dir='ltr'>et</span> <span class='ocrx_word' id='word_1_257' title='bbox 1052 3797 1132 3840; x_wconf 86' lang='lat' dir='ltr'>aura</span> <span class='ocrx_word' id='word_1_258' title='bbox 1152 3785 1273 3840; x_wconf 77' lang='lat' dir='ltr'>vetant.</span> 
     </span>
     <span class='ocr_line' id='line_1_40' title="bbox 399 3858 1250 3947; baseline 0.002 -24"><span class='ocrx_word' id='word_1_259' title='bbox 399 3860 532 3924; x_wconf 87' lang='lat' dir='ltr'>Vestros</span> <span class='ocrx_word' id='word_1_260' title='bbox 555 3858 711 3924; x_wconf 89' lang='lat' dir='ltr'>consulite</span> <span class='ocrx_word' id='word_1_261' title='bbox 731 3870 857 3940; x_wconf 86' lang='lat' dir='ltr'>nautas,</span> <span class='ocrx_word' id='word_1_262' title='bbox 881 3860 998 3946; x_wconf 91' lang='lat' dir='ltr'>quibus</span> <span class='ocrx_word' id='word_1_263' title='bbox 1021 3861 1148 3947; x_wconf 87' lang='lat' dir='ltr'>equoris</span> <span class='ocrx_word' id='word_1_264' title='bbox 1169 3860 1250 3925; x_wconf 88' lang='lat' dir='ltr'>arcti</span> 
     </span>
     <span class='ocr_line' id='line_1_41' title="bbox 462 3944 1185 4030; baseline 0.001 -23"><span class='ocrx_word' id='word_1_265' title='bbox 462 3944 624 4028; x_wconf 81' lang='lat' dir='ltr'>Estusque</span> <span class='ocrx_word' id='word_1_266' title='bbox 645 3944 792 4008; x_wconf 87' lang='lat' dir='ltr'>instantis</span> <span class='ocrx_word' id='word_1_267' title='bbox 813 3946 967 4030; x_wconf 87' lang='lat' dir='ltr'>temporis</span> <span class='ocrx_word' id='word_1_268' title='bbox 988 3967 1067 4009; x_wconf 89' lang='lat' dir='ltr'>aura</span> <span class='ocrx_word' id='word_1_269' title='bbox 1087 3953 1185 4029; x_wconf 87' lang='lat' dir='ltr'>patet.</span> 
     </span>
     <span class='ocr_line' id='line_1_42' title="bbox 400 4026 1235 4116; baseline 0.001 -25"><span class='ocrx_word' id='word_1_270' title='bbox 400 4029 488 4115; x_wconf 87' lang='lat' dir='ltr'>Ergo</span> <span class='ocrx_word' id='word_1_271' title='bbox 510 4026 625 4114; x_wconf 90' lang='lat' dir='ltr'>aliquit</span> <span class='ocrx_word' id='word_1_272' title='bbox 644 4028 750 4109; x_wconf 87' lang='lat' dir='ltr'>facite,</span> <span class='ocrx_word' id='word_1_273' title='bbox 773 4028 932 4094; x_wconf 88' lang='lat' dir='ltr'>Sathanas</span> <span class='ocrx_word' id='word_1_274' title='bbox 953 4052 994 4094; x_wconf 92' lang='lat' dir='ltr'>ne</span> <span class='ocrx_word' id='word_1_275' title='bbox 1014 4030 1155 4116; x_wconf 90' lang='lat' dir='ltr'>reperiat</span> <span class='ocrx_word' id='word_1_276' title='bbox 1176 4050 1235 4093; x_wconf 89' lang='lat' dir='ltr'>vos</span> 
     </span>
     <span class='ocr_line' id='line_1_43' title="bbox 341 4111 1215 4201; baseline 0.002 -24"><span class='ocrx_word' id='word_1_277' title='bbox 341 4127 376 4177; x_wconf 86' lang='lat'>80</span> <span class='ocrx_word' id='word_1_278' title='bbox 461 4111 544 4178; x_wconf 89' lang='lat' dir='ltr'>Ocia</span> <span class='ocrx_word' id='word_1_279' title='bbox 565 4120 731 4193; x_wconf 88' lang='lat' dir='ltr'>sectantes,</span> <span class='ocrx_word' id='word_1_280' title='bbox 755 4133 817 4199; x_wconf 93' lang='lat' dir='ltr'>que</span> <span class='ocrx_word' id='word_1_281' title='bbox 839 4113 924 4178; x_wconf 86' lang='lat' dir='ltr'>mala</span> <span class='ocrx_word' id='word_1_282' title='bbox 945 4136 1071 4201; x_wconf 90' lang='lat' dir='ltr'>queque</span> <span class='ocrx_word' id='word_1_283' title='bbox 1092 4123 1215 4179; x_wconf 82' lang='lat' dir='ltr'>necant.</span> 
     </span>
     <span class='ocr_line' id='line_1_44' title="bbox 400 4195 1139 4263; baseline 0.001 -2"><span class='ocrx_word' id='word_1_284' title='bbox 400 4197 481 4262; x_wconf 81' lang='lat' dir='ltr'>Oria</span> <span class='ocrx_word' id='word_1_285' title='bbox 502 4197 635 4261; x_wconf 90' lang='lat' dir='ltr'>virtutes</span> <span class='ocrx_word' id='word_1_286' title='bbox 656 4195 777 4261; x_wconf 89' lang='lat' dir='ltr'>viciant</span> <span class='ocrx_word' id='word_1_287' title='bbox 798 4206 830 4260; x_wconf 90' lang='lat' dir='ltr'>et</span> <span class='ocrx_word' id='word_1_288' title='bbox 850 4199 964 4263; x_wconf 89' lang='lat' dir='ltr'>mentis</span> <span class='ocrx_word' id='word_1_289' title='bbox 985 4197 1139 4263; x_wconf 90' lang='lat' dir='ltr'>honorem</span> 
     </span>
     <span class='ocr_line' id='line_1_45' title="bbox 462 4279 1191 4368; baseline -0.001 -23"><span class='ocrx_word' id='word_1_290' title='bbox 462 4279 608 4367; x_wconf 87' lang='lat' dir='ltr'>Carpunt</span> <span class='ocrx_word' id='word_1_291' title='bbox 629 4290 661 4345; x_wconf 91' lang='lat' dir='ltr'>et</span> <span class='ocrx_word' id='word_1_292' title='bbox 681 4303 786 4346; x_wconf 88' lang='lat' dir='ltr'>mores</span> <span class='ocrx_word' id='word_1_293' title='bbox 807 4284 1071 4368; x_wconf 89' lang='lat' dir='ltr'>propositumque</span> <span class='ocrx_word' id='word_1_294' title='bbox 1092 4283 1191 4368; x_wconf 91' lang='lat' dir='ltr'>pium.</span> 
     </span>
    </p>
   </div>
   <div class='ocr_carea' id='block_1_5' title="bbox 315 4441 942 4496">
    <p class='ocr_par' dir='ltr' id='par_1_5' title="bbox 315 4441 942 4496">
     <span class='ocr_line' id='line_1_46' title="bbox 315 4441 942 4496; baseline 0.01 -13"><span class='ocrx_word' id='word_1_295' title='bbox 315 4442 338 4496; x_wconf 86' lang='lat' dir='ltr'>a)</span> <span class='ocrx_word' id='word_1_296' title='bbox 354 4445 369 4485; x_wconf 78' lang='lat' dir='ltr'>t.</span> <span class='ocrx_word' id='word_1_297' title='bbox 386 4445 523 4486; x_wconf 75' lang='lat' dir='ltr'>elicerent.</span> <span class='ocrx_word' id='word_1_298' title='bbox 583 4441 608 4494; x_wconf 89' lang='lat' dir='ltr'>h)</span> <span class='ocrx_word' id='word_1_299' title='bbox 623 4444 655 4483; x_wconf 80' lang='lat' dir='ltr'>tta</span> <span class='ocrx_word' id='word_1_300' title='bbox 671 4444 702 4484; x_wconf 76' lang='lat' dir='ltr'>ea</span> <span class='ocrx_word' id='word_1_301' title='bbox 764 4442 785 4494; x_wconf 84' lang='lat' dir='ltr'>c)</span> <span class='ocrx_word' id='word_1_302' title='bbox 801 4447 897 4487; x_wconf 78' lang='lat' dir='ltr'>Noverit</span> <span class='ocrx_word' id='word_1_303' title='bbox 910 4448 942 4489; x_wconf 78' lang='lat' dir='ltr'>ed.</span> 
     </span>
    </p>
   </div>
   <div class='ocr_carea' id='block_1_6' title="bbox 0 0 1476 5002">
    <p class='ocr_par' dir='ltr' id='par_1_6' title="bbox 0 0 1476 5002">
     <span class='ocr_line' id='line_1_47' title="bbox 0 0 1476 5002; baseline 0 3"><span class='ocrx_word' id='word_1_304' title='bbox 0 0 1476 5002; x_wconf 95' lang='lat' dir='ltr'> </span> 
     </span>
    </p>
   </div>
  </div>
 </body>
</html>
