2970 4996
301 348 336 398 96
495 348 683 400 CHRONICA
702 347 814 398 REGIA
835 347 1078 400 COLONIENSIS
1098 350 1129 399 Δ.
1151 349 1230 406 1158.

668 519 838 574 Recensio
857 519 883 572 Ι.
904 521 998 572 codd.
1019 521 1053 573 A.

176 615 417 680 np.aan.neg0tiis
436 615 499 677 suis,
515 615 566 664 iter
584 629 659 664 suum
679 629 772 664 versus
791 614 947 663 Ravennam
968 613 1092 678 dirigunt.
1121 615 1268 666 Venientes
1280 617 1378 681 itaque
1392 616 1432 666 ad

303 687 417 738 eandem
432 688 577 750 civitatem,
591 687 809 752 archiepiscopus
830 685 983 736 eiusdem
1004 688 1190 739 eivitatis³
1208 688 1311 740 habene
1330 705 1432 740 seeum
1480 703 1482 716 2

305 761 340 810 14
360 763 510 827 episcopos,
525 777 591 827 quos
605 760 638 810 oh
652 761 830 810 reverentiam
842 761 1011 824 imperatoris
1029 768 1232 824 convocaverat,
1247 778 1307 812 cum
1323 779 1434 828 magno

303 835 404 885 honore
425 850 470 884 eos
490 835 617 900 suscepit.
657 832 777 899 Cumque
797 833 961 898 legationem
981 835 1149 899 imperatoris
1170 836 1274 886 civibus
1296 837 1430 887 intimare

302 900 686 970 voluissent,willehe1musb
706 906 842 973 prefectus
862 905 982 956 eiusdem
1002 907 1075 957 urbis
1093 913 1204 973 totaque
1229 910 1348 961 civitatis
1379 925 1430 960 no·

302 981 395 1032 bilitas
421 986 449 1031 et
473 980 571 1030 militia
594 981 751 1031 Anchonem
775 981 890 1046 profecti
915 987 985 1042 sunt,
1009 983 1172 1046 pecuniam⁰
1196 997 1213 1030 a
1233 983 1321 1034 (ireco
1345 983 1431 1034 sihi

306 1055 527 1121 promissamc
558 1054 696 1120 accepturi
727 1059 754 1104 et
778 1055 956 1104 iuramentum
982 1053 1069 1104 fidei
1101 1069 1181 1106 suae
1214 1057 1240 1106 ei
1268 1058 1432 1122 prestaturi.

303 1129 422 1179 Iuratum
449 1133 490 1178 est
516 1129 585 1176 enim
614 1128 648 1176 ah
669 1128 708 1177 eis
735 1126 823 1177 eidam
848 1127 944 1189 Greco,
963 1126 1152 1192 quiAnchone
1172 1129 1334 1192 morabatur,
1349 1130 1429 1196 quod
1481 1123 1482 1126 ¹

303 1202 355 1267 ipsi
374 1214 515 1266 personam
530 1202 587 1251 eins
604 1206 631 1250 et
648 1217 691 1252 res
712 1207 805 1250 contra
824 1215 929 1250 omnem
949 1199 1083 1250 hominem
1102 1203 1171 1251 tueri
1191 1201 1330 1253 deberent.
1360 1204 1429 1254 Rei·
1479 1149 1482 1256 i

303 1272 402 1325 ncldus
431 1289 495 1338 ergo
525 1273 702 1325 cancellarius
732 1279 759 1324 et
788 1275 851 1325 Otto
894 1272 1028 1338 palatinus
1056 1275 1243 1325 Ravennae
1277 1282 1433 1338 morantes,
1481 1311 1482 1340 1

304 1346 419 1396 reditum
438 1347 543 1397 illorum
564 1352 674 1414 petente
694 1349 821 1413 episcopo
836 1345 1060 1412 prestolabantur.
1092 1348 1213 1414 Cumque
1228 1365 1279 1399 non
1293 1349 1434 1411 redirent,
1481 1351 1482 1396 ι

304 1419 452 1472 Reinoldus
472 1427 499 1471 et
519 1422 582 1472 Otto
602 1422 642 1470 ira
661 1422 744 1471 moti
764 1422 898 1486 egressi
917 1427 978 1470 sunt
998 1419 1031 1470 de
1053 1423 1162 1471 civitate
1182 1428 1262 1488 post
1280 1422 1378 1486 illos,
1401 1429 1430 1474 et
1481 1417 1482 1484 i

305 1509 371 1544 ecce
390 1493 431 1543 illi
450 1494 485 1544 ab
504 1494 635 1544 Anchona
654 1499 819 1544 revertentes
839 1500 1012 1544 occurrerunt
1030 1495 1077 1556 eis,
1104 1509 1258 1560 magnum
1287 1496 1432 1562 pondus
1481 1549 1482 1576 ,

305 1568 372 1628 auri,
399 1566 471 1633 qnod
495 1583 512 1618 a
538 1567 649 1619 Groco
674 1573 845 1633 acceperant,
872 1566 1031 1618 deferentes.
1070 1568 1155 1619 Erant
1173 1574 1262 1618 autern
1282 1570 1339 1620 fere
1360 1569 1427 1620 300.
1481 1595 1482 1606 ι

304 1640 432 1691 Reinoldi
456 1646 545 1691 sutem
573 1640 670 1691 milites
695 1657 749 1691 non
773 1639 888 1707 amplius
913 1656 993 1706 qnam
1016 1641 1050 1689 10
1076 1647 1161 1692 erant·
1203 1641 1317 1693 Irruit
1341 1659 1429 1708 ergo

304 1715 453 1780 spiritus
472 1713 698 1765 fortitudinis
717 1713 990 1777 inReinoldum,
1008 1722 1040 1765 et
1058 1715 1092 1764 in
1106 1715 1249 1765 Domino
1263 1717 1427 1767 confisus
1481 1755 1482 1782 ,

305 1787 502 1838 multitudinem
522 1787 628 1838 illorum
649 1803 707 1837 cum
728 1790 822 1853 paucis
842 1788 896 1838 suis
916 1785 1021 1837 assiliit.
1060 1789 1131 1838 Inito
1150 1790 1305 1851 certamine,
1327 1795 1429 1856 captus
1481 1785 1482 1792 ’

305 1860 428 1912 estidem
444 1859 1165 1928 prefectusWillehelmusetfiliuseiusPetrus
1179 1862 1307 1912 etsexde
1325 1863 1428 1913 nobi·

304 1933 415 1986 liorihus
427 1936 551 1998 civitatis,
569 1935 678 1984 ceteri
698 1935 777 1999 fuga
793 1936 838 1984 vix
855 1933 940 1999 elapsi
954 1940 1023 1984 sunt.
1044 1935 1114 1984 Dum
1131 1941 1219 1985 antem
1231 1935 1381 1987 Reinoldus
1398 1941 1427 1987 et

305 2007 346 2058 sui
355 2009 506 2057 Ariminum
526 2009 771 2074 appropinquarent
780 2001 803 2070 d,
823 2008 999 2073 premiserunt
1012 2009 1123 2058 nuncios
1136 2007 1172 2058 ad
1183 2008 1306 2060 consules
1327 2010 1358 2059 ci
1371 2025 1388 2060 v
1397 2010 1427 2059 i·

305 2082 405 2144 tatis,
421 2081 635 2147 imperantes
655 2082 720 2143 eis,
740 2086 769 2131 ut
788 2081 840 2131 sibi
859 2087 1030 2130 occurrerent
1050 2086 1078 2130 et
1096 2097 1142 2132 eos
1161 2097 1221 2131 curn
1236 2084 1352 2147 captivis
1366 2083 1429 2134 suis

306 2155 481 2219 susciperent.
509 2154 587 2216 Quod
599 2153 640 2202 illi
659 2155 776 2205 statim
796 2169 855 2204 cum
876 2169 993 2218 magno
1014 2153 1113 2204 honore
1132 2155 1263 2206 fecarunt.
1293 2157 1426 2222 Sequenti

307 2232 396 2277 autem
416 2227 460 2276 die
479 2242 571 2277 versus
590 2227 746 2278 Anchonam
766 2229 817 2278 iter
835 2242 911 2277 suurn
928 2227 1054 2290 dirigunt.
1097 2228 1197 2278 Tantus
1223 2236 1313 2279 autern
1338 2237 1428 2280 terror
1480 2237 1482 2248 ¹

308 2315 400 2350 omnes
418 2301 591 2350 finitimas
612 2302 786 2351 civitates
807 2306 844 2350 et
867 2299 996 2366 oppida
1020 2301 1127 2363 invasit,
1156 2306 1185 2351 ut
1204 2303 1304 2366 singuli
1321 2303 1425 2353 clama·
1481 2341 1482 2358 ,

306 2378 380 2424 rent:
401 2375 452 2424 ‘Ex
471 2389 523 2439 quo
543 2375 724 2436 Ravennates,
753 2375 798 2440 qui
825 2373 925 2423 domini
950 2379 1037 2424 terrae
1061 2375 1168 2424 istius
1188 2373 1320 2439 dicuntur,
1348 2375 1424 2442 capti
1481 2375 1482 2378 ’

306 2437 375 2511 sunt,
396 2449 455 2513 quis
469 2448 568 2513 poterit
581 2447 696 2498 evadere
711 2447 744 2498 de
758 2448 880 2497 manibus
894 2451 1027 2496 tantorum
1043 2443 1222 2512 legatorum'?
1241 2449 1425 2500 Transeuntes

305 2522 419 2586 itaque⁰
438 2537 487 2587 per
506 2536 598 2570 omnes
618 2521 763 2572 maritimas
783 2521 916 2582 civitates,
941 2519 1072 2570 videlicet
1090 2521 1250 2584 Pisaurum,
1269 2515 1426 2585 Fanumf,
1481 2561 1482 2568 ,

307 2593 498 2658 Senogallum,
518 2595 645 2644 honorem
666 2599 697 2644 et
715 2598 884 2644 terrorem
910 2592 1136 2645 advenientis
1165 2597 1297 2646 cesaris
1314 2595 1427 2648 diffa-

637 2754 805 2808 Beccnsio
824 2756 866 2809 II.
886 2755 982 2808 codd.
1001 2757 1037 2808 B.
1058 2756 1085 2808 0.

307 2849 359 2911 Qui
384 2849 533 2899 Bononiam
556 2849 703 2914 venientes,
729 2849 845 2915 peractis
868 2849 907 2899 ibi
937 2851 1058 2914 negociis
1086 2851 1345 2916 imperialibus,
1370 2852 1426 2903 Ra·

305 2937 421 2972 vennam
453 2927 685 2982 secesserunt,
717 2923 808 2988 ibique
837 2922 872 2973 ab
905 2922 1108 2992 archiepiscopo
1139 2925 1255 2976 civitatis
1278 2926 1364 2992 ipsius
1398 2929 1425 2976 et

306 2996 423 3047 multis
443 2995 525 3047 aliis
546 2997 680 3066 episcopis
699 2995 873 3046 honorifice
892 2998 1011 3062 suscepti
1029 3003 1100 3048 sunt.
1146 2995 1266 3063 Cumque
1287 3011 1425 3050 causam

306 3069 478 3121 adventus
506 3069 559 3121 sui
585 3070 689 3120 civibus
714 3069 837 3119 intimare
861 3068 1017 3131 voluissent,
1045 3070 1179 3135 prefectus
1205 3071 1325 3122 eiusdem
1350 3071 1426 3122 urbis

308 3148 335 3194 et
354 3144 484 3194 caeteri
509 3144 640 3209 quique
662 3141 822 3194 nobiliores
848 3158 887 3192 ex
912 3143 995 3194 urhe
1014 3143 1244 3207 secedentes,
1263 3145 1425 3196 Anchcnam

305 3217 419 3284 profecti
449 3224 519 3278 sunt,
552 3217 653 3283 quasi
682 3231 748 3266 non
780 3215 980 3282 imperatori
1011 3217 1254 3281 Romanorum,
1275 3219 1335 3269 sed
1357 3219 1427 3270 Gre-

307 3306 420 3341 corum
449 3307 497 3357 pro
525 3291 641 3357 pecunia
669 3289 723 3340 sihi
754 3291 885 3355 promissa
914 3287 1094 3340 fidelitatem
1124 3290 1274 3341 debitam
1299 3307 1426 3342 serva-

306 3366 367 3415 turi.
434 3364 574 3426 Quibus
601 3362 837 3414 redeuntibus
879 3367 992 3427 accepta
1032 3365 1197 3428 pecunia,
1237 3365 1427 3430 predictus

307 3436 485 3489 cancellarius
518 3439 556 3488 eis
576 3437 700 3503 occurrit,
727 3442 762 3496 at,
792 3437 859 3486 inito
889 3436 1044 3496 certamine,
1071 3451 1130 3486 cum
1159 3437 1193 3486 10
1212 3438 1267 3488 suis
1291 3437 1346 3488 300
1364 3437 1427 3490 illo·

305 3527 364 3562 rum
387 3511 498 3578 fugere
525 3508 706 3575 compulit,
734 3510 821 3575 ipsum
845 3509 994 3576 prefectum
1021 3524 1081 3559 curn
1105 3509 1161 3560 filio
1191 3515 1219 3560 et
1248 3516 1317 3561 sext
1348 3511 1426 3562 nobi·

306 3583 420 3634 lioribus
446 3584 518 3652 cepit
543 3598 689 3648 secumque
708 3582 856 3632 Ariminum
883 3577 1060 3633 deduxith.
1111 3583 1243 3649 Sequenti
1262 3589 1352 3634 autem
1380 3583 1426 3634 die

306 3671 399 3706 versus
418 3655 575 3706 Anchonam
594 3656 646 3705 iter
665 3657 831 3722 arripnit,
852 3661 879 3706 et
907 3654 981 3705 dum
1009 3670 1081 3706 eum
1112 3658 1297 3722 suscipere
1322 3673 1425 3708 renn-

308 3733 420 3789 erent,
439 3729 558 3780 urbem
580 3745 652 3779 eum
674 3730 835 3779 exercitu
856 3728 1091 3780 circumdedit
1111 3731 1281 3796 civesque
1300 3730 1342 3780 ad
1364 3731 1426 3782 de·

308 3800 477 3852 ditionem
501 3803 632 3867 coegit.
682 3801 747 3852 Post
777 3801 828 3851 hec
859 3801 1105 3853 intercedente
1138 3805 1344 3872 archiepiscopo
1369 3804 1425 3855 Ra-

306 3877 417 3930 vennati
441 3891 490 3942 pro
517 3876 656 3926 civibus
685 3876 749 3937 suis,
775 3889 842 3940 quos
868 3875 1107 3926 cancellarius
1140 3882 1233 3943 captos
1258 3877 1425 3938 tenebat,

308 3965 400 4002 eorum
426 3949 689 4001 absolutionem
714 3949 856 4010 meruit,
881 3954 990 4014 totaque
1023 3950 1119 4000 civitas
1145 3950 1242 4000 domno
1268 3952 1425 4016 imperatori

307 4022 465 4074 fidelitatem
497 4024 684 4074 iuramento
710 4022 884 4084 firmavit,
911 4021 983 4087 quod
1008 4028 1070 4073 ante
1094 4021 1149 4072 200
1173 4039 1257 4074 annos
1282 4023 1350 4074 nulli
1374 4026 1425 4075 im·

306 4102 458 4164 peratorum
478 4097 605 4148 exibitum
623 4093 718 4145 fuerat.
1308 4097 1313 4100 ’

307 4250 471 4304 ι)ιιιδ1ιΔ2,
532 4249 556 4302 b)
572 4253 710 4293 wilhelmus
726 4252 776 4292 Ar.
837 4250 858 4303 c)
874 4251 1130 4302 pecunia-promissa
1146 4252 1195 4292 Al.
1243 4247 1280 4302 d)
1296 4262 1364 4302 prop.
1379 4253 1423 4296 Ar.

307 4309 329 4364 e)
346 4313 550 4360 Transeuntesque
567 4311 616 4352 Al.
683 4310 835 4362 OFermum
851 4311 911 4360 epist.
927 4311 942 4350 l.
959 4323 977 4354 c.
994 4326 1023 4348 =
1039 4309 1063 4363 ε)
1081 4311 1092 4352 i
1110 4311 1155 4352 02.
1215 4308 1240 4362 h)
1255 4311 1322 4352 duxit
1337 4311 1380 4353 08.
