2934 4998
150 388 335 441 cfluoulcs
356 389 467 441 asem
488 388 740 443 COLONIENSIS.
760 389 862 446 ΟΟΝΤ.
873 391 906 442 V.
926 390 958 440 A.
972 389 1050 442 1246.
1129 389 1182 441 289

43 555 198 640 siliginis
226 556 352 620 nonnisi
389 577 448 641 pro
470 554 570 620 tribus
601 555 710 620 solidis
732 556 932 640 venderetur,
960 579 1033 621 cum
1056 557 1088 620 in
1110 580 1183 622 rure

44 638 136 725 plus
158 638 363 710 solveretur¹.
418 638 520 704 Cuius
549 641 658 705 statuti
687 663 741 707 eos
763 642 908 727 penituit,
931 663 1004 706 cum
1039 641 1184 707 viderent
1271 643 1275 654 '

46 745 214 808 magnam
247 721 360 810 populi
393 722 613 806 afflictionem,
650 726 726 811 quia
754 734 887 811 propter
914 724 999 790 idem
1029 734 1183 790 statutum

47 829 192 873 annona
214 807 382 872 Coloniam
404 829 469 872 non
490 806 740 874 adducebaturl‘.

149 891 273 955 Eodem
302 901 447 977 tempore
474 891 612 956 domnus
639 892 900 979 archiepiscopus
924 891 1124 957 Coloniensis
1151 901 1183 959 et

48 974 319 1061 Moguntinensis
340 976 432 1039 iuxta
452 973 656 1062 Herbipolim
679 977 891 1042 conveniunt⁰
914 985 945 1042 et
965 975 1182 1062 lantgravium

51 1058 243 1145 Thuringie
269 1059 389 1124 ibidem
421 1070 601 1144 presentem
628 1059 750 1146 eligunt
779 1061 869 1125 inre
894 1082 954 1142 ern,
985 1060 1181 1160 prefigentes

52 1145 188 1207 curiam
210 1145 333 1230 regiam
357 1144 444 1229 apud
465 1143 706 1209 Frankinvort‘¹
728 1146 762 1208 in
783 1082 996 1210 festoglacobr
1017 1153 1282 1231 requestarum.

53 1227 140 1308 Quo
164 1249 236 1291 cum
258 1229 382 1293 veniret
402 1250 461 1292 rex
483 1226 601 1293 electus
632 1238 663 1292 et
690 1229 924 1315 archiepiscopi
949 1229 1084 1314 predicti
1107 1249 1181 1292 cum

51 1310 174 1378 multis
209 1311 280 1376 aliis
317 1313 487 1398 episcopis,
525 1313 715 1377 invenerunt
749 1311 814 1377 illic
852 1312 1046 1395 Oonradum,
1082 1311 1182 1376 filium

52 1397 265 1495 imperatoris
288 1395 434 1482 depositi,
463 1396 538 1460 olim
560 1394 696 1461 electum
718 1397 752 1460 in
773 1419 892 1496 regem,
922 1397 978 1495 qui
1000 1419 1033 1461 se
1061 1394 1182 1460 ibidem

52 1502 143 1565 ipsas
173 1480 331 1565 opposuit.
375 1479 543 1546 Hesitante
572 1491 678 1545 autem
711 1489 854 1546 exercitu
886 1489 1052 1567 utriusque
1080 1481 1181 1566 partis

51 1586 122 1650 per
143 1562 263 1650 aliquot
285 1565 353 1628 dies
376 1562 450 1628 hinc
471 1563 555 1644 inde,
578 1563 707 1628 tandem
729 1566 763 1627 in
784 1565 836 1628 die
853 1562 996 1630 Oswaldi
1017 1565 1181 1648 congressi
1192 1580 1247 1632 Auo·
1257 1581 1279 1624 ⁶0

55 1655 147 1730 sunt,
170 1647 292 1712 scilicet
313 1647 415 1712 Nonis
436 1648 586 1732 Augusti,
609 1657 641 1712 et
663 1647 839 1729 Conradus,
864 1646 947 1712 filius
969 1649 1180 1735 imperatoris,

53 1732 170 1796 victus
197 1731 336 1816 aufugit,
368 1729 441 1818 plus
475 1754 571 1819 quam
623 1733 841 1878 uadringentis
871 1731 1026 1796 militibus
1054 1731 1094 1796 de
1124 1752 1181 1796 sua

55 1825 154 1902 parte
184 1817 363 1901 captivatis,
393 1837 529 1902 quorum
556 1839 588 1879 m
623 1826 672 1880 tos
695 1816 742 1881 Co
756 1817 894 1880 oniensis
921 1815 1119 1900 archiepisco
1144 1839 1182 1880 us

55 1921 173 1965 secum
195 1900 331 1965 abduxit
351 1901 505 1986 captivos.
548 1900 791 1986 Argentinensis
807 1902 1000 1986 episcopus¹
1023 1900 1056 1963 in
1077 1923 1111 1964 re
1137 1901 1183 1965 ‘tu

50 1985 104 2050 ab
135 1983 249 2048 eodem
282 1984 444 2071 triumpho
478 1984 615 2083 quedam
643 1994 747 2049 castra
777 1984 977 2070 imperatoris
1003 1983 1123 2049 devicit
1151 1995 1182 2050 et

58 2071 190 2134 evertit.
234 2067 411 2150 Conradus,
447 2067 531 2133 fihus
563 2070 764 2154 imperatoris
793 2068 939 2154 depositi,
966 2066 1067 2166 paulo
1096 2077 1182 2155 post·

59 2173 163 2239 quam
186 2153 290 2217 victus
314 2163 370 2234 est,
400 2153 494 2217 duxit
514 2153 548 2216 in
568 2153 736 2238 coniugem
758 2151 877 2216 filiam²
901 2153 991 2216 ducrs
1013 2152 1161 2217 Bavarie.

148 2237 260 2302 Mense
275 2238 424 2302 Ianuario
440 2237 660 2302 Theudoricus
684 2258 791 2302 comes
814 2236 854 2301 de
869 2236 1036 2302 Hosteden
1057 2237 1183 2300 iuvenis

59 2321 208 2386 moritur.
253 2320 315 2386 Oui
343 2321 486 2386 succedit
508 2321 699 2403 Fridericus,
730 2322 872 2386 eiusdem
895 2331 1039 2407 patruus,
1069 2341 1183 2406 prepo-

61 2405 145 2468 situs
179 2405 296 2470 Sancte
323 2405 426 2470 Marie
458 2405 498 2469 de
526 2404 706 2488 Gradibus3
741 2406 796 2492 qui
825 2414 932 2469 tamen
961 2404 1069 2468 divino
1102 2415 1183 2468 nutu

60 2499 171 2554 motus
198 2489 302 2574 pridie
324 2489 396 2554 Kal.
418 2489 516 2554 Maii³
546 2489 735 2553 comitatum
764 2489 803 2553 de
826 2488 992 2554 Hosteden
1020 2496 1052 2552 et
1076 2485 1183 2552 nobile

60 2582 204 2637 castrum
227 2573 267 2638 de
290 2573 376 2637 Are⁴
399 2595 472 2637 cum
496 2573 644 2638 omnibus
665 2574 838 2638 attinentiis
862 2570 995 2638 contulit
1016 2580 1048 2636 et
1070 2570 1184 2637 obtulit

62 2655 186 2722 Sancto
209 2658 314 2739 Petro,
336 2665 372 2721 ut
386 2657 647 2745 archiepiscopus
664 2656 864 2722 Coloniensis
879 2679 918 2722 ea
939 2657 973 2720 in
993 2667 1184 2742 perpetuum

60 2740 229 2826 possideat
250 2740 404 2807 absolute.

150 2824 310 2889 Dominus
331 2847 418 2912 papa
444 2825 485 2890 de
512 2846 639 2890 camera
667 2847 725 2890 sua
751 2826 837 2889 misit
858 2823 971 2889 decem
994 2823 1081 2888 milia
1102 2845 1185 2888 mar·

61 2929 176 2973 carum
197 2931 280 2974 novo
302 2910 372 2995 regi
399 2910 609 2994 assignandas
638 2918 712 2974 ante
733 2909 901 2974 victoriam
930 2907 1074 2972 habitam
1095 2907 1184 2994 apud

61 2992 321 3059 Frankenvorte.
375 2993 457 3058 Item
486 3003 559 3078 post
588 2995 756 3058 victoriam
778 2992 866 3056 misit
888 2990 1074 3077 quindecim
1096 2991 1184 3055 miha

62 3098 257 3158 marcarum,
279 3099 341 3163 que
363 3077 450 3162 apud
465 3077 621 3142 Leodium
640 3077 784 3162 deposite
806 3076 899 3139 suntf
920 3075 1083 3162 aliquanto
1105 3084 1182 3140 tem-

62 3183 154 3248 pore,
176 3172 213 3226 ut
233 3160 308 3225 inde
329 3183 388 3224 rex
408 3159 593 3246 largitiones
614 3161 732 3225 faceret
753 3159 954 3245 principibus
976 3170 1008 3224 et
1029 3158 1182 3225 militibus

63 3253 98 3310 et
119 3247 204 3310 vires
225 3246 317 3330 regni
339 3246 388 3308 sui
409 3245 559 3310 firmaret.

151 3328 274 3393 Eodem
307 3350 390 3392 anno
423 3327 563 3413 hyemali
595 3340 738 3412 tempore
773 3327 858 3391 ultra
890 3326 1018 3393 solitum
1053 3324 1190 3390 Rhenus'

62 3411 240 3499 plurimum
272 3412 458 3478 exundavit.
544 3413 640 3477 Circa
671 3411 757 3476 idem
785 3420 911 3496 tempus
941 3408 1010 3474 dux
1032 3409 1182 3477 Austrie⁵

63 3519 139 3562 cum
161 3519 237 3582 rege
259 3496 435 3562 Bohemie⁶
465 3496 643 3577 dimicavit3
672 3494 718 3559 ibi
744 3497 847 3560 victor
875 3495 1027 3575 existens,
1057 3493 1184 3558 circiter

65 3582 219 3646 ducentos
235 3579 351 3646 milites
366 3581 570 3667 captivavit&
607 3580 697 3645 Idem
718 3579 786 3643 dux
801 3581 889 3644 circa
902 3600 1044 3643 mensem
1057 3577 1183 3642 Iunium

65 3761 89 3815 a)
105 3763 206 3804 solveret
221 3764 270 3803 Dl.
289 3764 308 3803 2.
385 3760 409 3814 b)
426 3762 538 3804 Coloniae
562 3773 610 3803 non
630 3762 780 3802 amovebatur
796 3762 842 3802 Di.
917 3759 939 3812 c)
961 3762 1119 3810 convenerunt
1133 3758 1184 3799 121.

65 3821 90 3874 d)
105 3821 245 3862 Francktort
260 3822 307 3864 122.
324 3821 439 3872 Sequentia
459 3822 509 3861 inde
528 3821 555 3862 ab
571 3823 596 3862 tn
612 3821 671 3860 testo
686 3831 754 3870 usqae
769 3822 798 3861 cd
813 3821 915 3862 habitam
935 3821 996 3871 apud
1012 3818 1185 3860 Franckenvort

65 3882 110 3923 aa.
127 3882 175 3924 Di.
235 3879 257 3932 e)
273 3881 432 3922 Franckevort
447 3881 497 3921 Dl.
557 3879 659 3931 nerant
674 3880 723 3919 Da.
783 3878 807 3931 ε)
824 3881 927 3931 captivat
942 3879 991 3920 Da.

69 4011 97 4078 1)
115 4012 270 4066 Helveticae.
309 4011 341 4063 A.
416 4011 445 4073 ἓ)
465 4009 655 4075 Elisabethom,
668 4011 755 4078 filiam
772 4009 881 4064 ottonis.
918 4009 951 4061 A.
1026 4008 1055 4074 3)
1072 4008 1101 4060 V.
1115 4005 1180 4073 dipl.

65 4085 201 4138 Friderici
218 4085 317 4138 comitia
337 4103 381 4152 ap.
392 4085 511 4149 Kremer,
531 4085 669 4137 ‘diadem
681 4085 766 4137 Beitr.
778 4102 800 4135 a.
815 4082 1069 4150 ditch-Baptachao
1083 4077 1183 4132 (leuch)

67 4159 108 4222 11,
123 4177 154 4225 p.
175 4160 238 4210 257.
276 4159 342 4211 Dies
362 4159 385 4210 b.
408 4157 521 4223 Quirini,
547 4175 598 4224 quo
618 4160 766 4210 detumeat
785 4157 910 4224 diprloma,
929 4154 958 4206 ia
977 4153 1089 4206 dioecesi
1109 4151 1182 4204 Colo-

65 4231 154 4284 niensi
171 4251 225 4284 noa
243 4231 272 4284 in
292 4233 319 4284 d.
338 4234 382 4284 30.
402 4250 436 4284 m.
451 4230 552 4295 Martii,
579 4232 627 4284 aad
645 4233 673 4282 in
699 4231 810 4282 eundem
837 4229 905 4281 diem
932 4227 1028 4280 maome
1052 4225 1183 4294 sequentis

67 4304 168 4359 incidit.
207 4303 234 4358 0.
292 4306 322 4372 4)
341 4304 479 4358 Altenchr.
536 4308 564 4370 b)
585 4303 740 4356 Fridericas
760 4304 801 4354 II.
839 4302 872 4354 A.
930 4300 958 4367 6)
977 4301 1121 4353 Weneealao
1142 4299 1184 4362 11,

70 4389 234 4447 copamcoto
258 4377 386 4433 Ottocuro.
425 4378 457 4431 A.
936 4458 956 4522 9

918 4464 932 4522 1
