2934 4998
291 409 345 460 294
414 407 601 459 OHRONIGA
620 406 732 458 REGIA
753 406 1006 458 COLONIENSIS.
1026 405 1131 457 CONT.
1144 406 1177 456 V.
1196 404 1230 454 A.
1245 402 1327 454 1248.

292 577 415 642 tissime
430 576 542 662 patuit,
564 575 651 663 quod
673 596 770 661 capsa
784 575 881 638 trium
895 595 1009 658 regum
1031 572 1071 638 de
1085 573 1155 638 loco
1172 592 1232 637 suo
1254 571 1289 634 in
1312 571 1414 634 medio
1457 633 1458 636 ,

293 659 427 725 ecclesie
453 661 646 726 constituta·
674 661 716 724 ad
743 661 873 722 ianuam
906 657 1039 723 ecclesie
1067 667 1142 721 ante
1171 655 1416 720 succensionem

292 747 376 831 ignis
399 742 505 809 delata
525 743 640 824 fuerat,
661 766 725 809 non
743 747 858 808 timore
879 743 974 828 ignis,
997 742 1055 806 sed
1070 743 1185 806 timore
1200 740 1415 826 quassationis

293 851 471 910 murorum,
507 837 538 893 et
565 850 639 892 cum
666 827 765 893 multo
799 826 919 908 labore,
957 848 1029 890 cum
1067 825 1202 890 ecclesia
1231 833 1303 888 tota
1330 822 1417 886 fumo

293 912 489 999 impleretur,
514 912 726 1001 [exportant]
750 914 818 976 sine
845 909 953 996 aliqua
980 909 1099 974 lesione
1126 911 1255 994 integra
1284 917 1337 972 est
1359 928 1418 970 ser·

293 1007 379 1061 vata.
412 996 582 1062 Conradus
604 1007 713 1062 autem
734 995 1007 1080 archiepiscopus,
1029 993 1159 1080 prelatis
1178 990 1418 1073 ecclesiasticis,

293 1080 456 1146 nobilibus
475 1091 559 1146 terre
581 1104 620 1146 ac
642 1079 901 1146 ministerialibus
924 1081 991 1143 suis
1014 1081 1156 1144 evocatis
1177 1074 1419 1142 innumerabili·
1458 1131 1459 1136 ,

295 1188 358 1251 que
379 1164 583 1230 multitudine
604 1165 718 1252 populi
739 1165 858 1231 verbo⁰
881 1163 1111 1227 exhortationis
1126 1185 1184 1248 per
1198 1161 1419 1247 predicatores

296 1250 451 1332 attractis,
480 1258 554 1334 post
574 1249 821 1336 completionem
844 1247 995 1313 solemnis
1017 1249 1114 1312 misse
1143 1249 1177 1310 in
1199 1245 1252 1310 die
1274 1265 1420 1328 assump-

181 1350 239 1403 aaa.
249 1352 285 1394 rs.
295 1334 392 1398 tionis
421 1332 515 1398 beate
538 1333 639 1398 Mario
666 1335 801 1418 virginis
828 1333 1016 1418 primarium
1048 1330 1191 1416 lapidem
1220 1330 1325 1414 ponit,
1357 1338 1420 1391 tam

296 1418 486 1482 auctoritate
509 1417 631 1481 domini
652 1440 736 1503 pape
759 1439 856 1504 quam
879 1437 938 1480 sua
960 1416 1092 1500 propria
1114 1425 1146 1478 et
1165 1412 1265 1498 legati
1293 1433 1419 1476 necnon

296 1509 328 1567 et
357 1502 499 1565 omnium
526 1501 800 1586 suffraganeorum
824 1499 1026 1565 Coloniensis
1055 1498 1188 1564 ecclesie
1217 1494 1420 1580 indulgentia
1457 1503 1458 1506 ’

295 1585 462 1671 hueusque
490 1585 636 1650 inaudita
657 1585 807 1650 fidelibus
835 1585 920 1666 data,
953 1584 1009 1669 qui
1036 1605 1111 1646 suas
1133 1580 1185 1646 vel
1206 1581 1349 1644 darent‘l
1372 1577 1420 1644 vel

296 1671 458 1734 mitterent
478 1668 669 1734 elemosinas
691 1671 732 1734 ad
747 1670 903 1736 fabricam
918 1667 1051 1732 ecclesie
1066 1674 1251 1731 memorate.
1289 1663 1344 1728 Ab
1368 1661 1419 1726 illo
1457 1741 1458 1744 Ἴ

297 1775 374 1838 ergo
397 1765 541 1838 tempore
562 1754 807 1820 fundamentum
822 1775 904 1817 nove
925 1751 1060 1816 basilice
1074 1749 1161 1816 beati
1175 1750 1273 1828 Petri,
1297 1747 1419 1812 scilicet
1457 1755 1458 1758 ’

297 1837 427 1902 maioris
449 1837 584 1903 ecclesie
606 1841 640 1902 in
663 1838 807 1918 Oolonia,
835 1837 915 1901 mire
937 1835 1115 1901 latitudinis
1138 1843 1170 1898 et
1190 1833 1418 1920 profunditatis

296 1920 394 2006 largis
417 1923 597 2008 sumptibus
620 1931 668 1986 est
689 1924 859 1990 initiatum.

380 2006 503 2070 Eodem
537 2027 621 2070 anno
652 2005 820 2070 Conradus
852 2003 1113 2089 archiepiscopus
1142 2001 1346 2067 Coloniensis
1379 1999 1416 2062 ad

298 2110 485 2155 succursum
520 2089 766 2189 archiepiscopo
807 2088 1020 2154 Treverensi1
1063 2086 1231 2150 ferendum
1268 2094 1417 2171 properat

299 2184 410 2237 contra
430 2171 546 2238 multos
567 2172 691 2239 nobrles
714 2183 746 2238 et
772 2181 917 2259 potentes
947 2172 1087 2258 partium
1117 2171 1332 2256 superiorum,
1365 2169 1416 2254 qui

298 2267 367 2322 tam
394 2256 546 2344 precibus
571 2279 668 2344 quam
700 2259 841 2344 pecunia
869 2254 970 2320 multa
998 2255 1155 2318 Zornonis
1188 2252 1430 2318 marescalcis-²·

300 2339 394 2408 electi
426 2351 580 2406 venerant
616 2342 738 2406 solvere
770 2341 970 2406 obsidionem
1003 2339 1099 2402 castri
1126 2337 1253 2420 Turun,
1287 2339 1329 2402 de
1377 2358 1414 2400 uo

300 2427 365 2489 iam
385 2447 517 2511 prorsus
538 2437 670 2511 propter
691 2427 858 2511 penuriam
880 2421 1068 2487 victualium
1091 2421 1295 2487 defecerantf
1318 2360 1417 2485 delen-

302 2531 401 2574 sores.
444 2510 508 2574 Per
535 2511 626 2574 cuius
648 2509 884 2595 archiepiscopi
907 2505 1131 2573 Coloniensisss
1159 2508 1367 2591 sagacitatem
1389 2513 1415 2568 et

300 2592 491 2657 industriam
514 2593 647 2678 quidam
668 2603 815 2679 potentes
831 2616 873 2658 ex
888 2591 937 2655 his
953 2591 1009 2676 qui
1023 2599 1238 2655 convenerant
1253 2589 1296 2654 ad
1311 2610 1415 2653 recon-

301 2675 496 2741 ciliationem
531 2677 765 2764 archiepiscopi
794 2676 1000 2740 Treverensis
1036 2673 1167 2738 indilate
1199 2673 1415 2753 admittuntur,

302 2759 357 2823 alii
378 2770 466 2824 metu
481 2759 681 2827 Coloniensis
703 2761 828 2826 territih
849 2761 961 2844 fugam
982 2760 1104 2824 ineunt.
1146 2758 1191 2821 Et
1211 2758 1259 2821 sic
1281 2767 1416 2821 castrum

302 2845 423 2925 Turno,
454 2846 539 2929 quod
561 2856 629 2910 erat
649 2843 818 2910 latibulum
838 2843 1019 2929 predonum
1049 2853 1081 2908 et
1104 2841 1236 2906 malleus
1257 2852 1416 2906 transeun-

301 2929 393 3011 tium,
415 2929 448 2991 in
463 2938 654 3014 potestatem
676 2930 805 2994 devenit
822 2927 1022 2994 Coloniensis
1044 2936 1077 2992 et
1090 2926 1298 2991 Treverensis
1319 2924 1417 2990 archi·

302 3035 320 3076 e
345 3014 537 3112 iscoporum.
581 3014 646 3094 Qui
667 3012 757 3095 illud,
781 3013 944 3077 destructa
965 3020 1051 3075 turre
1073 3011 1218 3096 episcopi
1233 3009 1417 3094 Engelberti
1457 3059 1459 3082 3

303 3035 503 3164 Clblonrensis
535 3097 767 3197 archiepiscopi
800 3095 875 3161 olim
908 3094 1029 3160 ibidem
1061 3104 1235 3174 exstructa,
1272 3095 1357 3159 facto
1380 3116 1415 3157 ue

301 3203 393 3246 muro
415 3181 613 3262 intermedio,
636 3190 720 3245 mter
742 3205 776 3247 se
791 3179 940 3245 dividunt
961 3200 1117 3264 suamque
1138 3187 1264 3264 partem
1287 3115 1415 3264 quilibet

302 3267 369 3330 suis
391 3266 522 3329 muniti.

386 3348 463 3433 Ipso
478 3370 561 3412 anno
577 3348 788 3414 Ludovicusk
809 3370 868 3413 rex
883 3345 1019 3412 Francia
1033 3345 1283 3411 revelationibus
1305 3346 1414 3410 divinis

303 3439 335 3496 et
356 3432 457 3517 signis
479 3441 626 3517 patenter
649 3430 923 3498 crebrescentibus
945 3432 1106 3508 incitatus,
1134 3429 1176 3493 ad
1198 3429 1414 3495 liberationem

302 3515 402 3580 Terre
432 3514 549 3580 Sancte
575 3515 816 3614 expeditionem
843 3516 954 3598 movit,
988 3515 1271 3599 instrumentisque
1299 3512 1413 3578 bellicis

302 3608 335 3665 et
348 3599 505 3664 machinis
519 3599 689 3664 artific1ose
706 3599 900 3686 compositis,
916 3619 1040 3663 necnon
1049 3597 1244 3664 victualibus
1256 3595 1414 3662 affluenter

302 3683 490 3769 preparatis,
513 3704 587 3746 cum
609 3705 711 3748 uxore
733 3706 841 3749 secum
863 3683 1004 3748 adducta
1024 3705 1043 3746 a
1068 3682 1112 3747 ud
1134 3680 1312 3746 Massiliam
1334 3702 1414 3746 mare

303 3766 490 3832 conscendit
509 3766 805 3855 Lymooiumque¹·³
828 3767 990 3832 civitatem
1014 3767 1025 3856 [
1054 3767 1182 3855 yprim]‚
1206 3765 1413 3852 quibusdam¹¹

303 3983 328 4036 a)
343 3984 425 4025 statuit
440 3985 566 4025 constituta
581 3985 631 4026 Da,
690 3983 714 4036 b)
730 3987 786 4026 aaut
801 3987 851 4028 ΠΙ.
903 3983 1060 4036 c)voroD1.
1122 3982 1144 4035 d)
1160 3983 1196 4024 vel
1214 3984 1413 4028 deramatam.

304 4041 326 4094 e)
342 4043 480 4085 marschalai
495 4044 544 4085 Da.
589 4040 751 4094 fldefloerent
765 4042 813 4087 ΒΞ.
866 4042 889 4095 g)
906 4047 961 4084 deest
976 4045 1026 4085 Da.
1071 4041 1095 4094 h)
1112 4044 1172 4084 tanti
1188 4043 1241 4083 Dl.
1287 4041 1305 4094 i)
1323 4046 1413 4086 muntvtt

303 4102 443 4208 affigam
459 4100 503 4201 Dkl)
518 4102 657 4143 Loduwtcus
672 4105 723 4145 Da.
784 4102 803 4156 1)
818 4104 978 4155 Innooumque
994 4103 1045 4144 Di.
1097 4100 1129 4155 m)
1145 4103 1201 4142 decet
1216 4103 1268 4144 DI,
1327 4103 1351 4150 n)
1366 4114 1413 4144 cnm

300 4324 334 4467 913
352 4325 472 4451 {trachalo
497 4328 539 4451 Ιὲ.
579 4329 612 4378 Α.
695 4327 725 4395 2)
746 4328 786 4394 Of.
814 4330 846 4381 0.
877 4331 953 4382 ileo.
978 4337 1045 4381 coat.
1073 4327 1122 4380 SS.
1148 4329 1253 4394 XXIV,
1274 4331 1410 4397 pacano.

389 4417 475 4453 masao.
541 4438 547 4452 .
