2942 4998
310 401 497 454 onuorucs
516 402 629 456 nucu
650 385 904 456 oonournuers.
1117 403 1165 453 rs

45 565 93 634 les
126 568 169 634 ad
202 569 402 635 serviendum
424 569 496 635 Deo
529 580 560 636 et
591 569 684 635 beate
712 570 832 655 virgini
863 569 927 636 illic
959 571 1165 653 constituens,

46 653 156 718 ditans
178 655 274 719 etiam
296 675 368 718 eam
388 653 544 720 reditibus
565 663 597 719 et
617 653 738 740 prediis
759 653 877 719 multis.

122 745 233 796 Habuit
246 745 326 796 etiam
346 744 379 794 de
393 745 507 812 Pippino
527 745 593 796 duos
611 744 681 797 filios
694 746 811 797 Drocum
831 752 858 797 et
871 745 1064 798 Grimoaldum.
1095 744 1165 798 Dro-

48 831 96 868 cus
117 818 244 870 ducatum
264 816 539 885 accepithmpanie,
558 818 619 871 ssd
645 834 756 886 pauco
782 821 980 886 supervixit
1003 824 1165 886 tempore.

48 891 221 943 Grimoaldns
242 907 347 958 quoqne
372 893 404 942 in
424 891 505 942 aula
522 893 616 958 regis
635 892 847 959 Hyldeberti
866 894 949 944 maior
969 892 1062 945 domus
1085 893 1165 944 effec-

47 969 91 1015 tus
105 970 155 1016 est.
192 967 245 1029 Qui
263 971 366 1031 postea,
386 970 523 1029 egrotante
537 965 662 1032 Pippino,
681 972 756 1031 patre
776 982 833 1030 suo,
853 982 912 1017 cum
932 966 1060 1018 visitandi
1078 967 1167 1032 gratia

47 1037 84 1088 ad
104 1054 166 1090 eum
184 1040 353 1099 accessisset,
373 1037 490 1089 Iaeodiia
509 1055 526 1088 a
551 1039 665 1104 quodam
687 1039 843 1090 Uarantsrio
862 1038 966 1105 gentili,
984 1039 1040 1092 filio
1059 1039 1165 1106 leyal,

47 1118 204 1181 peremptus
223 1119 272 1163 est.
310 1111 343 1163 G.
362 1110 460 1162 Fracto.
481 1130 502 1161 o.
521 1111 639 1162 46-50.

122 1187 157 1238 A.
176 1187 211 1237 D.
231 1186 293 1236 690.
314 1186 423 1251 Sergius
441 1201 513 1252 papa
531 1184 576 1236 86.
596 1212 631 1221 -
653 1213 683 1223 -
706 1185 775 1236 infra
793 1185 961 1238 sacrificium.
997 1186 1098 1242 Esset

122 1261 156 1311 A.
175 1261 211 1310 D.
232 1258 292 1310 692.
318 1258 432 1321 Quidam
455 1259 554 1310 Franci
580 1259 614 1309 de
635 1258 867 1310 Oelmannioorum
892 1261 1002 1326 regione
1022 1287 1056 1298 -
1077 1288 1112 1298 -
1137 1261 1166 1311 in

46 1351 125 1387 suam
144 1334 257 1400 patriam
276 1337 421 1399 asportant.
458 1330 524 1399 Bep.

122 1407 156 1458 A.
175 1407 211 1456 D.
230 1406 293 1455 694.
313 1406 425 1457 Sanctus
438 1406 580 1458 Remaclus
600 1407 741 1473 episcopus
757 1406 937 1458 Traiectensis
951 1433 985 1444 —-
1000 1433 1034 1447 -
1047 1407 1167 1474 privatur

47 1487 76 1534 et
96 1480 229 1532 exiliatur.
266 1477 367 1530 naseu

122 1554 156 1605 A.
177 1552 204 1605 d.
222 1555 241 1604 i.
262 1553 323 1613 697,
342 1554 376 1603 U.
391 1568 455 1603 vero
474 1569 499 1603 c.
514 1552 594 1604 1448.
614 1552 680 1616 Leo,
700 1555 746 1618 qui
765 1558 793 1602 et
805 1552 942 1616 Leontius,
958 1579 990 1591 -
1004 1580 1040 1590 -—
1053 1554 1166 1621 ipseque

47 1627 181 1694 regnarit.
218 1625 282 1676 ibid.

121 1693 177 1752 Ab
192 1698 218 1750 d.
231 1701 249 1749 i.
264 1698 326 1760 700,
344 1699 378 1750 U.
399 1704 488 1750 antem
509 1716 533 1751 c.
554 1700 633 1749 1451.
653 1699 791 1766 Tyberius,
811 1701 857 1764 qui
871 1705 898 1750 et
909 1699 1064 1752 Absimarus
1078 1701 1166 1752 dictus

47 1781 89 1826 est
111 1801 143 1811 -
164 1801 201 1810 -
218 1773 306 1824 Huius
325 1777 444 1838 tempore
463 1771 581 1838 synodus
599 1775 627 1823 in
639 1773 766 1840 Aquileia
780 1773 853 1824 facta
865 1772 899 1823 ob
912 1774 1079 1839 impericiam
1091 1773 1165 1825 fidei.

122 1921 191 1972 Nam
211 1919 320 1986 quidam
338 1920 446 1970 beatam
465 1919 577 1970 Mariam
599 1947 630 1956 -
652 1919 839 1970 -hominem
860 1921 961 1985 genuit.
999 1919 1066 1987 ch.

123 1995 184 2044 Hoc
203 1999 322 2060 tempore
342 1995 447 2044 occisus
467 1998 508 2043 est
526 1999 634 2044 sanctus
653 1993 812 2044 Lambertus
832 1994 982 2063 episcopus.
1019 1992 1120 2045 naseu

123 2068 195 2118 Hec
215 2072 327 2117 autem
347 2081 451 2117 causa
468 2066 546 2117 fuit.
583 2066 728 2132 Pyppinus‚
752 2068 860 2117 abiecta
878 2066 1030 2130 Plectrnde,
1051 2068 1165 2131 coniuge

46 2157 107 2205 sua,
128 2166 160 2177 -
184 2167 217 2179 -
238 2145 265 2190 et
282 2141 419 2206 ingressus
439 2139 600 2200 cubiculum,
619 2141 646 2189 in
665 2142 784 2191 oratione
803 2145 963 2207 prostratum
984 2140 1166 2192 eumoccidit.

53 2214 85 2264 V.
105 2214 198 2265 Lcmb.
220 2230 245 2264 a.
265 2210 352 2281 styra.
371 2212 424 2273 IV,
443 2213 488 2264 39.

123 2290 155 2340 A.
172 2288 208 2337 D.
229 2286 290 2338 706.
310 2287 444 2337 Iohannes
464 2303 533 2354 papa
553 2287 597 2337 87.
623 2286 692 2337 sedit
717 2303 801 2338 annos
820 2288 846 2338 3.
884 2286 961 2338 Beda
988 2313 1020 2325 -·
1046 2313 1078 2324 -
1105 2303 1165 2354 per·

47 2362 137 2413 duxit.
173 2359 275 2412 Attea

123 2434 156 2485 A.
178 2433 242 2487 di.
263 2433 324 2496 707,
343 2433 376 2483 U.
397 2447 420 2484 o.
442 2433 522 2484 1458.
541 2435 704 2485 Iustinisuus
725 2459 758 2470 -
781 2461 809 2471 -
833 2435 939 2489 occisus
958 2440 1007 2486 est.
1044 2431 1109 2484 ibid.

124 2509 158 2559 A.
177 2508 213 2560 D.
235 2507 296 2557 709.
316 2506 450 2557 Iohannes
468 2521 540 2574 papa
560 2507 603 2557 88.
623 2507 694 2560 sedit
712 2523 795 2558 annos
815 2506 889 2570 duos,
914 2524 1017 2559 menses
1038 2509 1063 2560 7.
1101 2505 1166 2558 ibid.

124 2583 158 2632 A.
178 2581 213 2631 D.
235 2581 297 2630 710.
317 2579 487 2646 Dagobertns
506 2581 592 2632 iunior
610 2597 722 2647 regnare
743 2581 823 2647 cepit.
861 2579 925 2634 ibid.

124 2655 158 2707 A.
178 2654 213 2705 D.
233 2655 295 2704 711.
316 2654 446 2704 sisinnius
465 2670 536 2721 papa
549 2653 593 2705 90.
613 2655 685 2706 sedit
704 2653 780 2704 diesc
794 2653 837 2706 20.
871 2654 921 2706 Cui
933 2653 1081 2706 succedens
1095 2653 1165 2706 Gon-

47 2728 184 2780 stautinus
202 2743 274 2795 papa
292 2727 337 2776 91.
356 2725 426 2777 sedit
444 2743 528 2779 annos
548 2728 572 2777 6.
610 2726 674 2778 idid.

124 2803 158 2852 A.
177 2801 213 2850 D.
235 2801 297 2851 712.
316 2800 478 2851 Iustinianus
497 2817 514 2851 a
532 2801 690 2868 Phylippioo
709 2798 875 2853 interficitur.
912 2799 977 2852 ibid.

124 2875 156 2924 A.
171 2873 198 2925 d.
210 2875 230 2924 i.
252 2874 314 2935 713,
332 2874 578 2926 U.veroc.1464.
597 2874 770 2942 Phylippious
790 2874 833 2926 66.
852 2876 913 2926 loco
933 2876 966 2925 ab
987 2875 1106 2940 Augusto
1124 2874 1165 2924 in·

48 2948 121 2999 rasit
138 2947 281 3014 imperinm
302 2974 334 2983 -
353 2974 386 2984 -
405 2947 547 3009 Artemius,
566 2953 668 2999 mutato
687 2949 794 2998 nomine
813 2948 977 2999 Anastasius.
1014 2945 1079 2999 ibid.

124 3023 156 3072 A.
167 3021 194 3072 d.
200 3021 219 3071 i.
229 3020 291 3082 714,
301 3021 335 3071 U.
340 3036 404 3071 vcro
416 3036 438 3070 c.
452 3021 696 3073 testimonias
704 3048 739 3061 -
747 3047 781 3058 -
789 3021 983 3088 predicatorem
995 3037 1054 3093 esse
1064 3021 1165 3072 docuit.

48 3097 109 3158 Quo
130 3099 314 3160 regnante-
336 3122 368 3130 -
388 3100 481 3160 postea
498 3096 682 3162 presbyterum
701 3095 768 3146 fecit
786 3093 910 3145 ordinari.
949 3092 1013 3147 ibid.

122 3167 155 3218 A.
175 3168 212 3219 D.
233 3167 294 3218 716.
313 3168 450 3234 Pyppinus
468 3170 556 3220 senior
574 3169 658 3221 maior
677 3168 771 3220 domus
790 3168 868 3233 obiit3
888 3185 935 3235 pro
955 3183 1007 3234 quo
1026 3165 1166 3219 filiuseius

49 3241 169 3292 Karolus
189 3241 327 3292 successit.
365 3240 467 3292 Esset.
1256 3291 1258 3299 ,

124 3315 177 3376 Qui
195 3313 310 3365 Karolus
333 3330 351 3363 a
375 3313 516 3366 Plectrude
539 3320 634 3381 postea
658 3319 750 3382 captus
776 3313 896 3365 custodie
920 3313 1098 3378 mancipatur,
1117 3313 1166 3364 sed

50 3387 197 3438 auxiliante
216 3388 277 3438 Deo
296 3388 451 3453 perfugam
472 3388 578 3455 elapsus
596 3387 730 3439 liberatur.
768 3386 799 3440 θ.
819 3386 919 3438 Fraus.
938 3403 958 3437 c.
980 3387 1025 3438 11.

124 3460 297 3527 Dagobertus
316 3476 363 3511 rex
380 3461 544 3512 Francorum
563 3461 638 3514 obiit.
676 3460 775 3512 uesci.

124 3534 157 3594 A.
167 3535 203 3585 D.
215 3535 277 3585 716.
288 3534 411 3597 Karolus,
421 3535 528 3602 Pippini
541 3537 652 3586 senioris
665 3533 744 3597 filius,
761 3561 791 3572 -
808 3561 839 3571 -
851 3532 965 3589 Karolus
978 3548 1041 3583 vero
1054 3547 1166 3598 regnum

49 3609 216 3659 Francorum
235 3607 437 3660 amministravit
456 3609 531 3659 annis
551 3603 618 3658 27⁶.
655 3606 755 3659 naseu

125 3683 211 3745 Igitur
225 3682 325 3732 Franci
337 3681 480 3733 Danielem
500 3681 632 3747 quendam
653 3681 789 3742 clericum,
809 3687 909 3732 mutato
924 3680 1040 3741 nomine,
1059 3679 1166 3746 Helpri·

50 3769 113 3805 cnm
132 3770 224 3821 regem
242 3755 347 3806 iaciunt
363 3761 393 3807 st
407 3754 591 3821 Baginiridum
604 3756 631 3805 in
644 3755 823 3821 principatum
836 3755 944 3806 maioris
958 3754 1051 3805 domus
1065 3753 1168 3819 eligunt

51 3833 154 3879 etcum
168 3830 288 3881 exercitu
308 3845 353 3880 eos
374 3835 466 3879 contra
484 3828 611 3900 Karolum
631 3830 746 3879 mittunt.
775 3829 827 3891 Qui
846 3828 881 3879 ad
900 3828 1004 3878 Mosam
1020 3828 1167 3888 venientes,

51 3901 151 3952 deinde
170 3918 256 3970 usque
269 3903 372 3953 Renum
385 3903 597 3968 progredientes,
618 3901 756 3953 Coloniam
769 3901 902 3953 hostiliter
913 3903 1022 3964 intrant,
1039 3900 1168 3967 plurimos

50 3976 152 4026 civium
166 3976 310 4040 trucidant,
330 3975 426 4026 multos
445 3977 561 4043 capiunt,
581 3980 607 4026 et
620 3976 763 4026 maximam
775 3975 887 4042 predam
899 3975 937 4025 ibi
951 3990 1010 4025 cum
1024 3973 1168 4025 Plectrude

51 4055 175 4101 matrona
184 4050 358 4116 accipientes,
367 4050 396 4099 iu
405 4048 557 4099 Ardennam
570 4047 664 4100 silvam
675 4053 852 4099 revertuntur.
878 4047 910 4099 θ.
921 4046 1052 4098 Fratres.
1065 4047 1108 4099 52.
1123 4046 1167 4097 63.

449 4158 610 4210 Beccasio
629 4158 697 4209 cod.
718 4155 776 4208 01.

126 4231 159 4281 A.
177 4232 216 4283 D.
237 4231 299 4302 714.Ι
317 4234 376 4294 Quo
395 4239 524 4299 regnante
545 4259 579 4269 -
601 4259 633 4268 -
653 4231 719 4282 iecit
738 4231 923 4282 ordinarium.

54 4361 76 4412 a)
91 4363 181 4404 Leodio
196 4374 254 4405 corr.
270 4363 351 4406 Leodil
367 4366 415 4408 131.
501 4363 525 4416 b)
541 4365 579 4404 too
594 4365 640 4405 loco
656 4363 698 4405 01.
715 4362 797 4413 iscipu,
813 4363 874 4402 cuius
886 4363 1029 4413 praecipuam
1043 4362 1169 4401 vamtatem

53 4421 114 4472 s‘ru'ra
128 4423 211 4466 notaui.
273 4423 294 4476 c)
312 4434 384 4465 annos
399 4435 456 4466 corr.
471 4424 521 4465 dies
537 4425 586 4466 Bl.
645 4422 669 4475 d)
686 4423 699 4464 7
715 4434 771 4463 corr.
788 4423 815 4463 17
832 4423 852 4461 Β
862 4424 882 4462 1.
