2970 4996
286 405 320 455 to
474 400 662 454 cunamen
681 398 794 450 REGIA
814 391 1058 450 conoulausls
1078 397 1112 448 Α.
1134 394 1212 446 1133.

663 573 826 626 Recensio
847 571 873 623 Ι.
894 571 987 623 codd.
1007 568 1040 621 A.

286 669 421 748 scopato
452 660 514 726 sibi
548 659 678 746 suisque
711 656 949 724 successoribus
989 677 1009 719 a
1046 655 1192 741 predicto
1230 655 1410 741 apostolico

286 747 473 811 Innocentio
502 744 708 830 promeruit1.
761 741 926 808 Posthac
955 741 990 804 in
1016 739 1122 806 reditu
1147 762 1221 804 cum
1248 762 1308 804 rex
1337 763 1412 805 cum

285 833 352 896 suis
374 829 417 893 ad
439 829 600 915 quendam
621 827 729 892 locum
743 826 894 906 venisset,
916 826 973 912 qui
985 835 1119 923 propter
1133 825 1212 890 situs
1227 826 1412 909 angustiam

287 915 383 980 Olus²
406 914 498 999 quasi
525 910 691 998 preclusue
719 919 854 976 vocatur
875 949 917 958 —
939 931 1059 995 qu1ppe
1085 930 1128 972 ex
1149 931 1213 972 una
1235 917 1327 994 parte
1358 931 1412 974 ex-

287 997 483 1063 celsissimo·
504 1007 611 1061 monte
634 995 810 1076 adiacente,
838 1017 880 1059 ex
909 992 1011 1058 altera
1038 1003 1130 1078 parte
1159 991 1411 1078 profundissimo

286 1082 418 1146 flumine
440 1090 598 1161 currente,
619 1081 673 1144 via
693 1081 727 1143 in
749 1078 854 1143 medio
871 1086 1014 1163 ‘quatuor
1032 1099 1089 1142 seu
1105 1078 1412 1164 quinqneitineran-

286 1167 367 1232 tium
400 1165 510 1251 spacio
541 1173 671 1250 patente
698 1204 749 1246 -,
778 1172 810 1228 et
836 1183 908 1226 cum
939 1159 1060 1225 ibidem
1087 1162 1240 1226 transitus
1270 1162 1342 1246 regi
1371 1161 1411 1226 ab

286 1247 400 1313 incolis
422 1257 602 1334 negaretur,
622 1249 694 1334 ipse
715 1248 797 1311 miro
819 1253 935 1312 eventu
956 1253 988 1310 et
1034 1247 1181 1330 erspicuo
1203 1245 1268 1310 Dei
1289 1244 1412 1310 auxilio

287 1333 424 1399 eundem
446 1331 555 1396 locum
584 1330 729 1396 celeriter
756 1331 975 1417 irrumpendo,
1038 1330 1122 1414 gatis
1151 1327 1308 1412 hostibus,
1337 1352 1412 1394 cum

288 1418 354 1482 suis
380 1417 572 1517 pertransiit,
602 1425 634 1480 et
665 1414 778 1480 urbem
805 1415 840 1479 in
868 1412 1040 1499 supercilio
1069 1413 1173 1499 ipsius
1202 1413 1414 1479 excelsissimi

287 1509 405 1566 monus
420 1500 559 1586 positam
577 1500 743 1585 repentino
765 1496 887 1563 assultu
908 1499 1002 1584 cepit,
1025 1507 1057 1562 et
1070 1498 1251 1583 prinoipem
1265 1498 1414 1564 eiusdem

287 1584 387 1666 urbis,
409 1593 573 1648 auctorem
595 1583 689 1648 huius
710 1581 903 1664 rebellionis,
926 1603 1034 1646 secum
1058 1603 1097 1645 ca
1121 1582 1223 1646 tivum
1244 1581 1391 1647 abduxit

363 1669 439 1733 Duo
468 1665 589 1749 circuli,
617 1668 719 1730 maior
746 1675 778 1731 et
805 1667 920 1747 minor,
950 1667 1035 1730 cirea
1064 1604 1164 1730 seiam
1193 1678 1414 1753 apparuemmt

180 1779 231 1819 roo.
242 1777 278 1822 rs,
289 1755 319 1818 6.
342 1749 415 1817 Kal.
442 1749 517 1816 Iulii
545 1753 630 1816 circa
656 1751 769 1814 horam
796 1750 946 1832 terciam;
974 1750 1079 1812 minor
1100 1747 1236 1813 circulus
1265 1749 1413 1816 ambiens

288 1835 466 1936 principale
488 1834 644 1920 templum
657 1832 924 1899 Paterburnensis
945 1832 1030 1898 sedis
1050 1841 1082 1897 et
1096 1834 1198 1898 maior
1212 1834 1415 1900 circumdans

288 1945 300 1984 1
326 1942 394 1984 sam
422 1921 593 2001 civitatem,
620 1927 655 1982 ut
681 1918 801 1982 ibidem
831 1916 1080 1982 consistentibus
1106 1917 1283 1982 videbatur.
1335 1919 1416 1984 Isa

254 2081 259 2089 ⁸
291 1943 343 2069 <ite
375 2003 454 2068 hora
484 2024 569 2067 nona
599 2003 706 2088 ipsum
738 2001 916 2128 principale
942 1999 1097 2084 templum
1126 2023 1200 2065 cum
1230 2003 1317 2065 omni
1360 2025 1414 2068 cre

290 2088 431 2160 civitate,
453 2086 535 2172 proh
557 2085 664 2150 dolori
686 2084 835 2150 incendio
881 2083 1100 2168 conflagravit.

192 2194 278 2245 roae.
360 2169 525 2254 Eelipeis*
539 2168 614 2233 solis
635 2169 720 2233 facta
741 2177 789 2234 est
809 2170 839 2234 4.
855 2169 966 2233 Nonas
985 2169 1125 2253 Augusti
1147 2169 1234 2234 circa
1255 2169 1368 2235 horam
1384 2173 1413 2253 6,

289 2255 324 2317 in
345 2261 469 2317 tantum
492 2261 528 2316 ut
548 2251 656 2318 stellae
677 2254 710 2316 in
733 2252 800 2317 celo
830 2261 1031 2340 apparerent.
1075 2254 1194 2338 Magna
1221 2253 1413 2340 inequalitas

290 2338 373 2401 aeris
396 2346 429 2401 et
450 2334 631 2422 pluviarum
653 2336 819 2401 inundatio
842 2359 901 2423 per
921 2347 1023 2402 toturn
1046 2345 1174 2423 tempus
1197 2341 1311 2402 messis
1339 2339 1414 2405 sub-

290 2432 401 2486 secuta
433 2431 490 2486 est.
577 2420 796 2486 Consobrinus
828 2423 1049 2506 imperatoris³
1084 2421 1238 2486 occiditur
1269 2423 1413 2488 Traiecti

289 2526 309 2568 a
332 2504 531 2569 Godefrido⁴
553 2513 585 2569 et
606 2505 702 2568 fratre
723 2507 791 2569 eius
813 2504 1013 2569 Herimanno
1035 2504 1075 2568 de
1097 2505 1224 2569 Kuch0.

362 2588 435 2652 Rex
449 2588 614 2652 Dacorum
635 2588 780 2674 pluribus
802 2587 937 2654 advenis
952 2588 1157 2653 Tbeutonicis
1177 2598 1295 2654 terram
1318 2612 1412 2655 suam

287 2670 501 2736 incolentibus
528 2674 743 2736 truncationes
771 2671 988 2737 membrorum
1015 2673 1100 2737 facit.
1143 2673 1215 2736 Hac
1244 2673 1284 2737 de
1313 2695 1412 2738 causa

287 2756 461 2840 imperator
482 2755 721 2841 expeditionem
743 2778 840 2842 super
861 2777 934 2821 eum
957 2779 1087 2826 movere
1107 2756 1276 2822 intenditl.

353 2899 382 2967 *)
401 2900 455 2950 ΑΞ
475 2901 528 2952 ito:
548 2901 700 2952 Indictione
719 2902 760 2964 ll,
780 2902 805 2950 4,
820 2903 1024 2967 Nomaugusti,
1044 2902 1108 2952 luna
1127 2902 1170 2954 27.
1185 2904 1325 2964 existente,
1344 2904 1413 2955 hora

399 2975 453 3024 diei
468 2976 492 3039 7,
510 2974 578 3025 feria
591 2976 617 3025 4.
638 2975 746 3041 eclipsis
759 2974 824 3026 solis
836 2976 910 3026 iacta
924 2981 973 3036 est,
994 2984 1020 3026 et
1032 2975 1236 3028 obtenebratum
1253 2982 1294 3027 est
1313 2976 1412 3040 celum,

398 3047 476 3100 stelle
495 3049 553 3100 viee
572 3053 643 3098 sunt.

629 3159 790 3214 Rcceasio
811 3159 852 3212 11.
873 3163 966 3214 codd.
986 3163 1020 3215 B.
1042 3160 1070 3215 0.

288 3260 380 3310 favore
406 3261 559 3326 ingressus,
594 3268 668 3310 cum
698 3247 763 3310 iam
792 3247 961 3312 damnatus
990 3256 1074 3312 esset
1102 3246 1307 3330 anacletum,
1342 3249 1414 3314 sedi
1459 3283 1468 3300 ν

289 3328 462 3417 apostolice
489 3331 628 3395 restituit
654 3331 893 3412 Innocentium,
923 3353 942 3394 a
971 3353 1034 3418 quo
1061 3332 1158 3396 etiam
1186 3347 1211 3395 2.
1241 3347 1311 3396 Non.
1342 3347 1415 3396 Iunii

289 3422 431 3472 Lateranis
450 3423 479 3471 in
499 3420 653 3472 ecclesia
671 3423 759 3473 sancti
774 3421 902 3472 Iohannis
920 3423 948 3472 in
967 3423 1008 3473 im
1040 3428 1210 3474 aratorem
1230 3429 1414 3486 consecratus,

289 3497 363 3572 post
391 3485 475 3551 bella
500 3495 532 3550 et
561 3486 711 3550 victorias
740 3486 919 3574 aliquantas
946 3489 981 3552 in
1009 3440 1150 3554 bulliat
1176 3488 1281 3572 rediit,
1310 3504 1413 3555 ducens

289 3593 381 3628 secum
402 3578 537 3642 captivum
555 3577 705 3642 principem
725 3577 894 3642 quendam
914 3579 1062 3631 Ytaliae.

362 3648 487 3714 Eclypsis
507 3647 571 3699 solis
590 3649 663 3698 facta
683 3655 724 3718 qst
736 3651 761 3700 4.
775 3651 843 3702 Non.
853 3650 976 3716 August,
996 3653 1063 3704 hora
1083 3652 1137 3704 diei
1156 3658 1242 3716 sexta,
1260 3654 1289 3704 in
1308 3659 1414 3706 tantum

291 3726 321 3772 ut
339 3719 435 3774 stellae
454 3721 483 3772 in
503 3721 579 3771 caelo
599 3729 768 3788 apparerent.
805 3725 903 3790 Magna
928 3727 1089 3792 inequalitas
1113 3729 1183 3778 aeris
1209 3733 1236 3778 et
1259 3726 1414 3793 pluviarum

289 3793 429 3844 inundatio
448 3809 497 3859 per
514 3799 598 3844 totum
617 3800 723 3862 tempus
743 3799 837 3849 messis
862 3798 1006 3851 subsecuta
1031 3805 1080 3870 est.
1120 3799 1300 3851 Consobrinus
1325 3802 1413 3868 impe·

289 3867 386 3917 tatoris
405 3866 537 3917 occiditur
548 3867 667 3919 Traiecti
686 3886 703 3921 a
717 3869 864 3923 Godefrido
885 3876 912 3922 et
929 3871 1011 3923 tratre
1025 3873 1082 3924 eius
1096 3874 1261 3925 Herimanno
1275 3873 1309 3924 de
1322 3875 1415 3928 Knch.

290 3992 313 4044 a)
329 4003 379 4037 exc.
395 4004 425 4035 m.
443 3993 489 4036 adl.
505 4005 534 4035 ex
550 4005 571 4034 a.
587 4007 608 4046 p.
624 3996 667 4036 aa.
683 3997 732 4038 Aa.
814 3996 839 4049 b)
855 3998 911 4038 deest
926 3997 975 4041 Ar.
1051 3997 1072 4053 c)
1088 4002 1155 4042 Kuhc
1171 4001 1221 4044 Aa
1297 3999 1321 4055 d)
1338 4003 1417 4044 tendit

289 4051 340 4092 Ar.
371 4067 400 4088 =
430 4051 452 4105 e)
472 4052 573 4095 Galliam
589 4055 635 4096 6¹1.

291 4167 319 4230 1)
345 4165 375 4216 V.
394 4166 514 4218 obortam
532 4168 597 4236 aeq.
617 4169 677 4222 bist.
704 4170 790 4236 lisestf.
811 4170 851 4235 II,
869 4188 898 4237 p.
921 4173 962 4222 15.
1063 4171 1092 4236 2)
1113 4169 1228 4228 olomeo
1244 4177 1282 4228 ori
1292 4177 1414 4244 flaviam

288 4238 397 4290 Eteocle.
470 4239 501 4307 3)
523 4241 685 4305 Florentius,
711 4242 780 4296 filius
799 4245 930 4296 Florentii
955 4246 1060 4298 cernitis
1080 4246 1114 4298 de
1139 4251 1279 4314 provincia
1297 4251 1414 4304 Hollant

289 4310 360 4362 Aac.
380 4311 409 4364 S.
502 4313 530 4380 4)
551 4315 584 4366 de
602 4314 744 4384 Arusbery.
837 4315 866 4385 ὃ)
885 4316 1029 4372 Anacletas
1050 4336 1120 4372 nano
1140 4322 1246 4375 demum
1266 4323 1347 4389 1138,
1368 4326 1413 4379 dic

290 4385 335 4436 26.
355 4384 418 4439 Ian.
436 4395 556 4439 mortuae
576 4395 623 4440 ert.
