2924 5006
284 439 335 487 150
418 435 605 489 CHRONIGA
627 437 739 489 REGIA
759 436 1011 492 COLONIENSIS.
1031 437 1134 491 GONT.
1154 437 1286 490 11100.

681 613 851 667 Recenrio
871 613 895 665 Ῑ.
916 621 940 666 11
959 613 1001 664 II.

282 728 315 782 et
336 717 583 799 considerantes,
606 716 692 802 quod
712 716 828 803 gladiis
849 719 904 783 via
926 716 1070 803 paranda
1092 725 1184 798 esset,
1212 717 1331 781 animis
1354 737 1407 780 ac-

284 803 370 866 censi
407 822 549 887 pugnam
587 811 816 866 conseruerunt
850 812 882 866 et
915 811 1054 885 stragem
1090 801 1223 864 multam
1259 801 1406 865 hostium

282 886 437 965 fecerunt,
473 884 549 951 licet
577 887 673 951 etiam
705 885 837 970 plurimi
868 886 1011 970 ipsorum
1044 884 1296 950 debilitarentur.
1352 884 1407 949 Ibi

283 972 380 1035 etiam
411 971 614 1056 imperatoris
636 968 720 1034 filius
742 970 926 1034 Fridericus
949 970 1017 1033 dux
1041 970 1178 1034 Sueviae
1211 993 1231 1033 a
1252 969 1406 1033 fundibu-

282 1053 362 1119 lario
385 1053 514 1118 duobus
530 1052 679 1118 dentibus
701 1053 865 1118 mutilatus
888 1063 945 1118 est.
991 1054 1073 1118 Acta
1095 1062 1170 1116 sunt
1191 1063 1299 1118 autem
1322 1053 1406 1118 haec

181 1139 315 1206 1111115.
337 1136 418 1200 10111
455 1149 529 1203 ante
562 1148 780 1222 pentecosten.
845 1139 1028 1222 Progressis
1061 1137 1136 1202 inde
1170 1137 1268 1201 Turci
1302 1137 1407 1200 multa

283 1220 368 1284 mala
390 1221 511 1286 eisdem
534 1223 744 1306 ingesserunt,
777 1225 838 1286 iter
866 1243 977 1286 eorum
999 1223 1203 1307 insequentes
1226 1243 1349 1306 eosque
1372 1230 1406 1286 et

284 1307 427 1370 iumenta
456 1328 566 1370 eorum
600 1307 723 1390 sagittis
753 1305 966 1372 debilitantes.
1011 1305 1162 1370 Secunda
1188 1315 1296 1370 autem
1323 1305 1407 1370 feria

182 1403 229 1443 Μαι·
238 1405 273 1447 14.
308 1398 358 1453 ost
390 1398 607 1474 pentecosten,
637 1411 711 1453 cum
737 1391 802 1454 iam
833 1390 919 1454 fama
939 1388 1176 1476 percrebuisset
1196 1391 1230 1452 iu
1253 1389 1407 1454 omnibus

283 1411 400 1537 ditibus
437 1473 632 1556 Tuscorum,
669 1474 756 1560 quod
792 1475 953 1539 exercitus
989 1473 1233 1538 christianorum
1269 1472 1408 1537 multam

286 1567 427 1641 stragem
443 1558 488 1622 eis
503 1556 697 1640 intulissent,
712 1567 822 1622 mutuo
844 1581 877 1623 se
893 1557 1105 1638 cohortantes,
1127 1559 1160 1621 in
1183 1580 1281 1620 manu
1296 1556 1409 1622 valida

284 1650 509 1723 convenerunt,
532 1650 568 1705 111
581 1642 740 1707 auxilium
755 1642 880 1707 soltano
905 1641 1024 1707 ferrent
1045 1650 1078 1705 et
1092 1640 1246 1706 ultionem
1270 1663 1408 1705 suorum

283 1724 434 1790 facerent.
478 1725 556 1811 Ipsa
587 1736 695 1792 autem
728 1725 780 1791 die
813 1727 986 1806 christiani,
1023 1748 1113 1812 spem
1148 1746 1238 1790 suam
1266 1727 1300 1787 in
1329 1725 1408 1790 Deo

284 1809 419 1894 figentes
435 1820 466 1874 et
482 1811 612 1875 beatum
625 1810 803 1896 Georgium
818 1813 1014 1892 invocantes
1036 1821 1086 1874 ter
1101 1810 1265 1894 congressi
1277 1809 1408 1891 Turcis,

285 1893 445 1958 infinitam
475 1903 617 1978 stragem
655 1897 799 1960 fecerunt
835 1895 957 1980 absque
997 1893 1062 1958 ulla
1102 1895 1151 1957 sui
1183 1892 1410 1958 diminutione.

285 1977 413 2058 Quibus
435 1989 544 2042 autem
565 1978 657 2042 Deus
678 1978 819 2044 revelare
849 1978 958 2058 voluit,
987 1979 1058 2063 ipsa
1085 1979 1137 2042 die
1158 1977 1310 2042 viderunt
1330 1978 1409 2043 bea-

285 2070 355 2125 tum
377 2060 554 2147 Georgium
577 2085 652 2126 011111
681 2062 885 2128 multitudine
918 2061 1098 2126 albatorum
1130 2062 1220 2147 equis
1248 2061 1330 2126 albis
1359 2061 1409 2125 111-

285 2143 467 2208 sedentium
482 2143 574 2209 albos
592 2144 745 2232 clyppeos
759 2147 962 2232 preferentes,
977 2146 1146 2232 insignitos
1162 2146 1254 2231 signo
1270 2145 1409 2211 Domini

283 2228 376 2292 rubei
412 2226 537 2292 coloris.
596 2229 661 2310 Qui
697 2233 794 2294 etiam
830 2230 913 2295 subs
949 2232 1129 2295 iuramento
1165 2230 1407 2312 asseverabant,

284 2311 421 2376 eundem
443 2313 575 2376 beatum
592 2312 768 2398 Georgium
790 2314 891 2379 filium
913 2313 1028 2379 soltani
1048 2315 1178 2378 nomine
1197 2310 1408 2398 Mylehinb·1,

284 2396 342 2544 qui
362 2394 480 2494 prefuit
501 2396 627 2478 Turcis,
661 2394 773 2462 lancea
795 2421 891 2484 quam
919 2397 1043 2463 ferebat
1064 2398 1105 2463 ab
1129 2420 1211 2483 equo
1235 2396 1403 2462 deiecisse.

309 2479 341 2543 ic
369 2502 403 2542 m
425 2481 601 2565 perniciem
623 2480 803 2546 'lurcorum
831 2501 904 2546 cum
932 2481 1141 2565 desevisseut,
1170 2482 1295 2546 fautore
1317 2481 1403 2557 Deo,

181 2562 386 2633 111111101111
424 2565 455 2627 4.
490 2562 570 2629 feria
606 2575 764 2630 venerunt
802 2566 844 2630 ad
883 2576 1002 2644 01111111,
1036 2567 1092 2652 qui
1123 2576 1197 2630 ante
1237 2566 1403 2630 civitatem

284 2645 446 2710 Yconium
473 2648 552 2712 situs
580 2657 658 2732 erat,
686 2648 743 2713 ubi
764 2652 925 2736 aggrestia
953 2649 1105 2714 animalia
1134 2650 1250 2714 soltani
1276 2649 1403 2714 inclusa

283 2729 510 2830 pascebantur.
554 2732 692 2797 Perinde
720 2735 903 2820 imperator,
936 2733 1069 2799 consilio
1099 2756 1172 2798 cum
1195 2734 1261 2798 11111
1288 2732 1402 2798 habito

282 2820 348 2878 tere
381 2835 483 2900 usque
512 2814 553 2877 ad
579 2819 683 2881 noctis
716 2817 865 2898 medium,
905 2841 985 2904 quos
1014 2818 1056 2883 ad
1083 2817 1289 2904 optinendam
1323 2819 1402 2882 civi-

282 2907 380 2962 tatem
407 2899 614 2982 premitteret,
651 2901 793 2966 decrevit
820 2902 935 2966 ducem
966 2903 1113 2983 Sueviae‚
1149 2901 1250 2965 filium
1278 2899 1403 2966 scilicet

282 3002 386 3063 suum,
409 2990 441 3045 et
463 2983 611 3048 comitem
633 2983 824 3049 Hellandiae
845 2986 1043 3051 Florentium
1071 2987 1200 3050 nomine
1229 2986 1270 3049 ad
1299 3008 1403 3072 expu-

281 3067 466 3149 gnationem
482 3067 621 3132 civitatis
636 3070 770 3147 mittere,
793 3070 863 3154 ipse
879 3071 913 3133 in
936 3071 1047 3136 castris
1069 3070 1202 3134 insidias
1217 3069 1402 3134 Γ111100111111

283 3149 391 3234 sagaci
412 3151 519 3213 animo
543 3152 699 3250 operiens.
742 3153 822 3216 Dux
836 3163 944 3218 autem
960 3154 1097 3219 Sueviae
1119 3175 1192 3217 cum
1207 3153 1402 3240 sequacibus

283 3233 392 3322 [saise]
415 3243 452 3298 ut
473 3234 514 3297 ad
537 3236 699 3301 crvitatem
725 3239 823 3318 venit,
846 3238 1037 3323 impertesus
1062 3238 1192 3320 laboris,
1216 3277 1256 3286 —
1279 3238 1335 3324 qui
1352 3237 1402 3324 ‘pe

281 3325 349 3380 tota
370 3326 464 3381 nocte
491 3316 624 3404 pluerat,
658 3330 690 3385 et
722 3323 797 3406 equi
827 3343 868 3387 ex
897 3324 1046 3408 congerie
1072 3321 1132 3386 luti
1153 3319 1290 3386 multum
1311 3259 1402 3386 labo·

280 3401 451 3465 1110111111
479 3442 522 3451 -
549 3402 704 3468 invadens
733 3405 898 3470 civitatem
929 3407 1079 3492 optinuit,
1113 3405 1225 3470 obvios
1254 3426 1401 3492 quosque

281 3484 349 3548 sine
371 3486 576 3550 miseratione
605 3509 738 3571 necans3
769 3507 843 3553 cum
869 3499 961 3574 pater
990 3492 1058 3555 eius
1086 3491 1260 3576 imperator
1282 3490 1399 3555 Turcis

279 3575 365 3630 retro
387 3567 592 3634 molientibus
614 3570 747 3636 insidias
770 3573 1275 3659 011010110110111101010111111111
1291 3572 1401 3658 plures

281 3672 324 3714 ex
352 3651 398 3748 eis
426 3662 650 3738 prosterneret.
705 3655 827 3721 Videns
860 3669 968 3723 autem
1000 3657 1141 3724 soltanus
1173 3659 1339 3722 interitum
1371 3667 1402 3723 et

280 3732 526 3799 destitucionem
553 3759 684 3802 suorum
712 3760 836 3803 necnon
864 3750 895 3806 et
922 3742 1083 3808 civitatem
1111 3751 1254 3827 captam,
1285 3743 1402 3826 petivit

280 3815 323 3882 ab
345 3818 537 3904 imperatore
559 3820 690 3886 dextras
717 3823 780 3888 sibi
801 3824 881 3907 dari,
911 3825 1072 3911 spondens
1100 3848 1133 3890 10
1160 3825 1223 3910 ipsi
1245 3825 1401 3890 ducatum

280 3900 480 4049 pmmbiturum
503 3912 534 3966 et
559 3904 593 3968 in
621 3905 811 3970 necessariis
841 3908 1022 3996 quibusque
1053 3910 1149 3974 rebus
1186 3907 1400 3993 profuturum.

331 3995 460 4070 perator
477 3995 585 4051 autem
599 3986 700 4052 habiti
714 3987 832 4054 laboris
856 4013 898 4056 ex
919 3993 1031 4058 itinere
1051 4015 1118 4058 non
1139 3994 1315 4076 inmemor,
1339 4015 1400 4059 nec

280 4075 384 4132 tutum
417 4070 482 4134 suis
511 4092 571 4136 nec
603 4072 665 4137 sibi
690 4081 852 4158 reputans,
886 4076 913 4138 si
946 4099 1051 4142 moras
1082 4075 1163 4141 ullas
1194 4086 1339 4141 necteret
1369 4088 1401 4143 et

280 4227 431 4328 idnlmdtm.
510 4230 534 4283 b)
551 4233 641 4274 Milhim
656 4244 713 4274 corr.
730 4235 834 4277 Milchtm
850 4239 890 4280 02.
974 4239 995 4291 c)
1011 4241 1067 4280 deest
1083 4240 1127 4282 01.
1144 4241 1164 4282 1.
1239 4240 1262 4290 d)
1278 4239 1401 4281 laborare·

282 4414 311 4482 1)
331 4417 510 4473 Melet-abab.
