2924 5006
11 4443 13 4502 l

81 374 274 428 CHRONIOA
288 376 402 428 REGIA
416 374 669 426 COLONIENSIS.
684 375 788 429 OONT.
799 375 852 427 ΙΙΙ.
866 379 897 427 Δ.
912 374 990 427 1203.
1004 374 1082 426 1204.
1116 373 1169 426 21⁶

450 545 618 600 Berensis
637 547 661 599 Ι.
682 556 711 600 et
731 547 773 599 ΙΙ.

42 634 188 698 iusticia
212 641 343 698 nostroa
370 633 555 698 ministerio
585 635 693 719 dipna
722 632 843 698 ultione
862 635 1028 717 percussit
1049 643 1087 716 et,
1110 656 1166 698 eu·
1180 661 1249 703 mss.

38 717 150 802 pulsis
174 717 362 782 bominibus
383 717 489 781 Deum
513 718 696 782 odientibus
718 718 767 780 etb
790 718 977 782 amantibus
1000 740 1076 799 sese,
1105 727 1168 782 ter-

43 824 117 865 ram
139 802 238 866 nobis
264 802 355 866 dedit
382 803 525 866 omnium
553 802 709 866 bonorum
736 803 842 886 copiis
873 802 1068 887 affluentem,
1087 802 1169 886 fru-

43 894 160 966 mento,
174 887 255 950 uiuo
267 896 296 950 et
308 885 374 950 oleo
385 885 573 968 stabilitam,
579 886 751 971 fructibus
763 885 960 969 opulentum,
973 887 1169 968 nemoribus,

45 971 141 1053 aquis
172 979 204 1032 et
224 971 367 1055 pascuis
388 972 578 1052 speciosam,
601 971 808 1054 spaciosam⁰
831 970 877 1034 ad
897 971 1105 1052 manendum,
1140 979 1170 1033 et

46 1056 100 1117 cui
122 1052 267 1119 similem
290 1076 356 1118 non
377 1055 519 1118 eontinet
541 1055 627 1118 orbis
654 1076 729 1118 aere
756 1063 978 1137 temperatam.
1022 1053 1089 1118 Sed
1111 1077 1169 1118 nee

44 1138 79 1200 iu
103 1138 156 1201 bis
180 1138 352 1202 desideria
374 1147 488 1202 nostra
510 1139 700 1218 subsistunt,
730 1161 786 1203 nec
816 1139 855 1202 ub
879 1138 1023 1202 bumeris
1046 1140 1169 1202 nostris

44 1221 280 1286 sustinebimus
301 1222 455 1286 ueuillum
475 1221 585 1307 repale
607 1223 737 1307 deponi,
766 1223 876 1303 donec,
906 1231 996 1285 terra
1018 1223 1096 1306 ipsa
1116 1223 1168 1286 in-

45 1305 154 1369 uolatu
178 1305 329 1370 stabilita
351 1315 546 1388 nostrorum,
565 1316 680 1391 partes
702 1305 874 1370 debeam-us
897 1307 1036 1371 inuisere
1057 1315 1168 1369 trans-

46 1391 200 1454 marinas
224 1399 254 1454 et
276 1391 375 1454 deute
389 1390 459 1454 Deo
471 1393 681 1474 propositum
695 1391 981 1475 pereprinatiouis
1004 1389 1168 1473 euplered.

47 1471 234 1557 Speremus
255 1476 342 1538 enim
363 1477 400 1538 in
422 1475 553 1538 domino
577 1475 685 1556 Ibesu,
709 1474 806 1561 quod,
830 1476 887 1574 qui
908 1477 994 1560 cepit
1015 1476 1052 1538 in
1074 1474 1169 1539 nobis

50 1578 129 1640 opus
151 1558 275 1623 bonum
297 1558 342 1622 ad
362 1557 493 1622 laudem
514 1568 543 1622 et
565 1557 727 1644 ploriam⁰
749 1559 894 1622 nomenis
921 1559 984 1639 sui,
1018 1558 1168 1624 inimico-

49 1663 118 1704 rum
149 1644 264 1706 crucis
291 1643 529 1726 depressionem
552 1652 750 1727 perpetuam
771 1641 930 1726 perficiet,
965 1642 1171 1724 confirmabit

51 1725 277 1810 solidabitque.
324 1725 553 1793 Celsitudinem
581 1728 685 1812 ipitur
712 1737 852 1790 nestram
868 1727 1073 1809 propensius
1095 1748 1170 1791 euo-

51 1833 161 1874 ramus
183 1813 225 1875 in
247 1810 401 1890 Domino,
424 1819 460 1873 ut
481 1810 608 1894 pieriae
631 1811 731 1874 buius
754 1820 849 1895 atque
871 1811 1027 1874 uictoriae
1049 1820 1078 1874 et
1099 1810 1173 1894 spei

51 1903 261 1979 preoptatue,
298 1896 403 1958 cuius¹
427 1895 565 1958 bostium
597 1917 754 1979 magnum
787 1893 900 1958 nobisf
931 1904 1081 1977 apertum
1114 1903 1171 1976 est,

52 1975 153 2042 uelitis
176 2001 247 2042 esse
259 1979 453 2063 participes.
501 1977 596 2052 Quod
618 1978 737 2062 ubsque
760 1977 830 2042 ullu
851 1977 940 2042 vobis
963 1978 1172 2043 dubitacione

52 2065 232 2148 eontinpet,
255 2064 286 2126 si
306 2072 412 2126 terrae
433 2071 579 2125 uestrae&
608 2062 730 2126 nobiles
763 2071 791 2126 et
821 2061 980 2148 ipnobiles
1002 2061 1173 2126 cuiuslibet

54 2146 251 2210 conditionis
275 2155 333 2210 aret
354 2167 451 2209 senus
473 2145 591 2211 eisdem
617 2147 790 2212 desideriis
813 2168 965 2210 accensos
988 2147 1032 2209 ud
1053 2145 1173 2211 ueras¹¹

53 2230 281 2316 inmensusque
320 2231 456 2294 diuitias
486 2231 724 2315 capessendas,
760 2230 952 2314 temporales
980 2233 1114 2313 puriter
1142 2239 1173 2294 et

55 2317 207 2396 euruasi,
249 2336 314 2378 non
354 2313 456 2378 salum
491 2317 659 2398 permissa
690 2315 841 2395 licentia,
879 2315 935 2378 secl
967 2314 1173 2378 salutaribus

54 2399 181 2461 monitis
205 2399 405 2462 accendatis.
456 2397 623 2463 Universis
653 2402 738 2463 enim
765 2400 864 2463 dante
885 2398 955 2461 Deo
978 2398 1171 2481 sufficimus,

57 2503 129 2565 quos
151 2483 247 2546 nobis
270 2483 471 2546 christianae
492 2482 663 2567 relipiouis
684 2483 769 2546 zelus
792 2483 979 2564 addumerit,
1002 2484 1173 2547 uniuersos

57 2564 200 2630 uolumus
224 2565 321 2630 simul
348 2574 377 2628 et
401 2588 575 2651 possumus
596 2568 776 2632 secundum
804 2575 908 2630 status
931 2589 1007 2630 suos
1028 2568 1172 2631 uarieta-

59 2657 176 2734 temque
198 2649 365 2714 natalium
394 2659 423 2712 et
450 2673 570 2735 aupere
600 2651 727 2716 diuitiis
749 2661 778 2714 et
799 2651 975 2715 bonoribus
999 2650 1173 2735 ampliare.

136 2733 215 2798 Item
234 2734 327 2818 ipsok
343 2745 445 2796 anno¹
461 2733 645 2798 Tiderisus¹
660 2755 767 2798 eomes
779 2732 971 2798 Hollendius
986 2727 1127 2816 moritur,
1142 2741 1174 2798 et

61 2815 189 2880 traditur
211 2817 406 2904 provinciam
429 2818 538 2882 comiti
553 2816 593 2880 de
608 2817 677 2881 L0²
700 2839 774 2881 cum
790 2816 854 2881 filia
876 2840 943 2882 sua.
983 2817 1080 2897 Quod
1101 2840 1173 2902 gru-

61 2898 137 2964 viter
163 2901 270 2967 ferens
288 2900 478 2965 Wilhelmus
487 2915 511 2976 1¹,
541 2901 638 2965 frater
667 2903 735 2966 eius
742 2951 750 2984 ,
780 2903 984 2986 congregatis
1006 2901 1171 2983 militibus,

61 2983 190 3049 eundem
206 2987 356 3051 comitem
372 2985 412 3050 de
429 2984 600 3049 Hellendia
614 2984 737 3071 expulit
751 2995 782 3050 et
797 2983 895 3048 filiam
910 2985 1016 3050 fratris
1031 2983 1173 3050 abstulit.

430 3092 595 3145 Recensio
615 3093 638 3147 1.
659 3094 750 3145 codd.
771 3092 800 3144 0.

284 3180 379 3242 Anno
403 3177 581 3244 dominicae
604 3179 832 3244 incarnationis
857 3179 948 3244 1204.

141 3261 256 3327 Oirca⁰
278 3262 442 3328 Kalendas
464 3261 585 3348 Aprilis
607 3265 696 3327 visus
724 3274 773 3328 est
792 3285 851 3349 per
872 3273 936 3327 tres
958 3273 1067 3328 nostes
1089 3262 1175 3362 ignis

67 3341 238 3414 discurrere
253 3369 312 3432 per
326 3356 427 3412 totum
444 3345 556 3428 uelum,
579 3349 624 3410 ite
645 3359 681 3412 ut
702 3356 769 3412 tota
789 3347 879 3431 regio
901 3345 942 3410 ab
964 3367 1001 3411 eo
1016 3344 1176 3410 illumma-

64 3436 150 3494 retur.
238 3432 301 3495 Per
322 3430 407 3494 idem
429 3441 557 3516 tempus
579 3429 748 3517 Philippus
770 3430 838 3496 dux
861 3430 1000 3496 Sueviae
1023 3452 1098 3494 cum
1120 3453 1176 3496 ex-

66 3512 157 3576 ercitu
193 3515 369 3580 saxoniam
411 3515 558 3596 intravit,
592 3523 628 3578 ut
661 3524 799 3579 castrum
841 3514 1005 3601 quoddam
1046 3515 1176 3580 nomine

68 3618 259 3634 Ἢ
420 3639 582 3693 Berensis
603 3640 644 3692 II.
665 3642 755 3694 codd.
774 3641 810 3694 B.

393 3728 421 3791 7.
466 3727 560 3790 Anno
582 3726 717 3804 Domini
742 3727 833 3794 1204.

141 3817 287 3886 Phylippus
312 3833 372 3868 rex
398 3833 457 3868 cnm
478 3845 511 3856 -
534 3845 568 3854 -
589 3818 658 3870 mele
678 3833 806 3888 pugnare.
838 3824 867 3868 ut
884 3817 1011 3869 Recensio
1030 3815 1056 3871 1.

67 3975 87 4028 ⁸)
102 3986 219 4034 nostroque
235 3997 265 4028 m.
282 3987 303 4026 d.
319 3997 342 4028 u.
359 3987 475 4036 percussis
492 3986 519 4039 (s.
535 3997 546 4026 e
561 3985 629 4036 corr.)
639 3986 665 4027 B.
705 3984 728 4034 b)
744 3989 768 4026 et
783 3995 804 4025 s.
822 3996 841 4027 s.
858 3985 901 4025 dee.
921 3985 946 4026 B.
978 3982 999 4035 o)
1011 3987 1033 4026 et
1048 3993 1111 4034 spus.
1130 3982 1178 4033 0οῑ

70 4037 135 4081 tim.
149 4053 210 4092 span.
226 4046 252 4086 B.
313 4043 338 4096 d)
354 4046 451 4095 implere
465 4044 492 4086 B.
552 4043 574 4094 e)
591 4046 702 4084 honorem
718 4045 747 4084 Β.
808 4043 827 4096 t)
843 4045 899 4083 deest
916 4045 959 4086 02.
1021 4041 1044 4094 ε)
1061 4043 1117 4082 deest
1133 4041 1176 4084 01.

70 4093 262 4146 mnourassoee.
323 4104 341 4155 i)
358 4108 438 4144 eterna
448 4104 475 4142 B.
526 4102 551 4152 k)
569 4104 656 4144 Eodem
673 4103 788 4143 anneot.
834 4101 1178 4153 l)'1¹ydericus01;'1¹heode·

70 4153 176 4219 rlsusBl.
220 4161 251 4213 m)
266 4163 364 4203 traditur
379 4164 457 4203 comiti
474 4163 502 4202 de
511 4163 544 4202 Lo
560 4163 682 4212 provincia
692 4162 720 4204 B.
764 4160 984 4212 n)Willelmus01.
1016 4158 1039 4212 ο)
1055 4161 1180 4212 ἰεαο1.2;

70 4221 92 4250 ”¹
104 4226 167 4267 mre.
182 4222 246 4272 infer.
262 4233 329 4262 manu
344 4233 398 4264 saec,
416 4222 481 4261 XIII.
495 4225 545 4271 post
560 4221 631 4271 suppl.
647 4221 701 4271 B1;
730 4221 754 4260 in
764 4221 811 4272 plne
826 4221 881 4260 anni
898 4219 962 4260 1203.
979 4219 1019 4259 ΒΞ
1035 4224 1055 4260 et
1071 4219 1110 4261 Fr.

81 4361 106 4428 1)
122 4367 194 4422 Anno
214 4375 292 4436 1204,
311 4375 390 4427 Febr.
411 4376 435 4427 4.
512 4375 540 4442 2)
561 4374 713 4427 Ludouico.
