2924 5006
169 451 356 505 CHRONIOA
376 452 489 504 REGIA
508 452 761 507 COLONIENSIS.
783 454 885 507 CONT.
905 454 938 506 A.
960 454 1038 506 1190.
1122 455 1172 506 161

462 627 628 679 Receaaio
649 627 673 678 Ι.
693 635 717 678 et
735 627 776 678 ΙΙ.

50 719 199 776 castrum
227 711 261 775 in
289 732 353 810 quo
381 710 523 777 soltanus
552 713 585 776 in
619 713 725 777 medio
758 713 897 778 civitatis
923 714 1088 779 tutabatur
1116 713 1172 778 ob·

48 793 185 876 siderct‚
207 803 319 861 statult
340 795 511 882 proficisci.
554 797 736 880 Progressis
754 797 829 861 inde
843 796 930 861 Leo¹
953 796 993 862 de
1013 797 1172 862 montanis

48 899 130 943 cnm
150 878 344 944 victualibus
367 881 505 966 copiosis
526 881 675 962 occurrit,
697 901 761 946 non
783 880 914 966 quidem
935 883 970 946 in
991 881 1076 946 bona
1097 880 1171 964 fide,

47 961 111 1028 sed
144 972 182 1028 ut
209 962 270 1028 hoc
297 973 431 1050 optentu
460 987 518 1051 per
549 974 667 1030 terram
700 986 790 1028 suam
823 964 953 1029 minime
984 966 1171 1046 transirent3

47 1046 234 1132 eademque
259 1048 411 1113 victualia
439 1070 459 1113 a
484 1049 600 1113 Turcis
628 1048 735 1114 ablata
767 1058 856 1132 sunt;
892 1047 977 1113 unde
1009 1050 1172 1136 peregrini

47 1140 121 1196 tam
153 1130 238 1195 fame
270 1153 367 1218 quam
399 1132 512 1197 morbo
542 1132 725 1198 laborantes
760 1155 841 1218 pene
868 1132 1059 1198 defecerant.
1102 1133 1172 1198 Mo·

47 1223 167 1280 ventes
195 1223 303 1279 autem
330 1224 434 1280 castra
460 1238 534 1281 cum
566 1216 609 1281 ad
640 1217 744 1302 ripam
771 1216 928 1281 fluminisl
958 1217 1170 1300 devenissent,

46 1299 230 1386 imperator
261 1298 312 1365 die
343 1299 505 1365 dominica
533 1323 615 1387 pene
650 1311 762 1365 contra
794 1302 937 1366 omnium
964 1300 1170 1384 voluntatem,
1182 1324 1232 1366 rus.
1244 1325 1281 1367 ro.

47 1403 129 1446 cum
152 1382 276 1448 diutino
302 1383 411 1450 labore
438 1394 607 1466 aestuaret,
639 1386 673 1448 in
699 1384 833 1450 fluvium
856 1385 1022 1451 descendit
1042 1387 1171 1471 refrige-

46 1466 148 1532 randi
180 1469 292 1552 gratia.
335 1467 403 1533 Nec
434 1491 532 1551 mora,
568 1470 697 1534 iubente
730 1491 768 1535 eo
801 1471 857 1555 qui
886 1469 989 1535 aufert
1024 1471 1172 1556 spiritum

46 1551 258 1699 principum,
297 1553 391 1700 alpais
426 1552 607 1639 prefocatus
640 1553 728 1618 obiit.
783 1553 880 1634 Quod
913 1575 951 1618 co
987 1555 1090 1640 magis
1122 1563 1171 1620 est

71 1634 202 1700 ebiliter
222 1635 325 1700 miran
348 1659 420 1718 um,
453 1637 540 1722 quod
560 1635 646 1702 idem
667 1636 783 1702 fluvius
806 1659 871 1701 non
891 1636 1066 1702 admodum
1087 1637 1171 1703 altus

46 1729 130 1802 erat,
152 1721 199 1784 ita
219 1729 255 1784 ut
268 1718 414 1806 plerique
437 1722 544 1786 testati
566 1729 648 1802 sunt,
665 1722 741 1808 quia
754 1721 838 1786 vado
858 1721 987 1786 transiri
1002 1722 1168 1808 potuisset.

47 1801 119 1868 Sed
133 1803 236 1886 Deus,
260 1805 353 1869 cuius
374 1806 535 1889 potentiae
557 1827 651 1870 nemo
672 1807 819 1871 resistere
841 1814 1001 1891 potestat
1022 1805 1081 1870 sub
1105 1827 1168 1891 quo

48 1895 228 1952 curvantur
249 1889 305 1974 qui
326 1898 454 1973 portant
482 1888 602 1972 orbern,
630 1889 727 1954 fecit1¹
756 1891 839 1954 sicut
860 1891 890 1953 ei
917 1888 1051 1974 placuit:
1085 1891 1169 1954 iuste

1 1999 2 2042 ς
70 1970 185 2036 uidem
206 1971 382 2036 secundum
404 1993 480 2038 suae
503 1973 723 2059 dispositionis
752 1971 1047 2038 incommutabilem
1070 1982 1102 2037 et
1122 1973 1169 2038 in-

1 2091 2 2094 *
47 1993 230 2120 dexibilem
252 2056 457 2138 sentenciam,
482 2056 538 2122 sed
553 2079 617 2121 non
632 2056 890 2139 misericorditer,
912 2059 940 2121 si
954 2055 1020 2120 dici
1041 2055 1089 2121 fas
1113 2066 1170 2140 est,

47 2147 210 2239 quantum
237 2138 278 2203 ad
299 2139 473 2205 aecclesiae
501 2151 629 2206 sanctae
659 2149 778 2207 statum
807 2151 839 2206 et
867 2152 970 2206 terrae
998 2143 1170 2226 repromis-

47 2225 152 2288 sronis
184 2224 365 2288 vastitatem
392 2224 558 2290 diutinam.
601 2227 641 2290 In
667 2224 728 2290 hoo
760 2235 868 2290 autem
900 2225 972 2290 loco
1009 2234 1041 2290 et
1067 2223 1172 2290 relatu

1 2321 2 2362 i
47 2308 134 2372 tristi
149 2303 240 2372 stilus
262 2316 371 2372 noster
392 2307 508 2390 deficit,
531 2318 563 2375 et
583 2331 687 2374 sermo
710 2319 818 2374 mutus
841 2318 897 2391 est,
919 2307 1082 2395 explicare
1104 2330 1170 2374 non

1 2419 2 2440 ¹
48 2391 238 2456 sufficiensb
260 2394 422 2476 peregrini
443 2394 601 2458 exercitus
623 2394 658 2457 in
681 2416 805 2458 summo
820 2393 963 2479 periculo
979 2392 1171 2478 deprehensi

48 2475 291 2540 mestitudinem
321 2485 353 2540 et
378 2478 574 2562 angustiam
614 2476 676 2542 hoc
707 2499 836 2578 quoque
864 2478 1074 2554 sentiendum,
1107 2499 1172 2542 non

48 2559 78 2625 le
104 2557 236 2640 endum,
258 2559 377 2624 iudicio
392 2562 643 2649 uniuscuiusque
657 2560 878 2647 relinqurmus,
900 2571 936 2627 ut
950 2570 1071 2648 penset,
1110 2582 1171 2626 uae

48 2583 103 2709 ved
124 2643 206 2708 fuiss
235 2642 286 2707 vel
314 2644 412 2710 fuisse
434 2646 551 2730 poterit
572 2646 722 2710 confirsae
744 2656 776 2711 et
796 2634 831 2709 in
851 2654 936 2710 terra
957 2643 1062 2710 aliena
1083 2583 1173 2711 deso-

49 2727 136 2792 latae
163 2726 377 2793 multitudinis
404 2738 435 2794 et
457 2731 561 2814 capite
583 2729 758 2795 diminutae
786 2751 862 2812 vox,
892 2729 1039 2794 mesticia
1067 2739 1099 2794 et
1119 2729 1173 2796 de·

49 2811 204 2897 speratis.
249 2810 313 2876 Sed
334 2811 394 2876 heo
416 2823 557 2877 actenus.

137 2894 265 2958 Mortuo
287 2897 385 2980 igitur
405 2898 607 2982 imperatore,
636 2897 798 2962 exercitus
819 2895 921 2960 filium
944 2899 1013 2961 eius
1034 2894 1174 2960 Frideri·

50 3000 127 3042 cum
158 2978 275 3042 ducem
304 2981 454 3063 Sueviae,
469 2983 575 3046 virum
603 2983 704 3046 mirae
727 2981 945 3045 strennuitatis
975 2991 1008 3045 et
1035 2980 1173 3064 pruden-

49 3063 132 3145 tiae,
155 3061 218 3126 sibi
239 3063 391 3148 prefecit,
415 3086 479 3150 quo
502 3066 706 3152 ducensque
732 3063 959 3130 Antiochiaml
986 3083 1178 3149 processum.

51 3156 108 3228 est,
147 3147 183 3210 in
209 3168 274 3232 qua
293 3168 360 3294 per
384 3149 403 3212 8
433 3147 628 3213 ebdomadas
649 3149 793 3231 recreati,
822 3171 925 3235 usque
950 3145 1118 3233 Tripolim,
1142 3157 1174 3213 et

51 3229 128 3296 inde
159 3251 263 3316 usque
318 3243 385 3314 ur0,
417 3241 584 3317 grassante
613 3233 751 3297 interear
782 3241 884 3296 morte
914 3241 980 3297 tam
1014 3230 1171 3295 nobilium

51 3314 177 3400 quami
226 3313 369 3396 obilium,
391 3337 465 3379 cum
487 3314 673 3380 difficultate
692 3325 858 3380 venerunt.
901 3317 953 3379 Aa
969 3315 1032 3378 Sur
1046 3336 1173 3399 proces-

50 3407 164 3464 serunt
207 3418 303 3479 cram,
326 3420 408 3486 quae
430 3409 462 3464 et
475 3398 642 3464 Accaronh
664 3399 725 3464 vel¹
741 3399 882 3465 Ascalon
890 3409 912 3469 ³.
930 3397 1077 3484 Cumque
1099 3420 1175 3462 cum

1 3533 2 3538 1
53 3481 250 3547 Ascalonitis
272 3482 421 3546 triduano
442 3482 526 3549 bello
544 3483 771 3564 conflixissent,
793 3483 958 3569 predictus
980 3481 1047 3545 dux
1063 3480 1174 3546 Fride-

52 3569 138 3631 ricus
165 3566 252 3632 diem
280 3565 394 3633 clausit
419 3577 599 3632 extremum
609 3579 632 3632 ⁴.
675 3568 804 3649 Quanta
825 3567 974 3632 fueritin
996 3567 1090 3630 huius
1112 3565 1174 3630 viri

52 3650 151 3716 corde
183 3651 270 3714 circa
297 3649 406 3714 Deum
437 3650 576 3734 devotio,
605 3673 647 3716 ex
676 3651 738 3716 hoc
766 3663 913 3717 constare
939 3658 1046 3736 potest
1073 3649 1175 3714 omni·

53 3733 123 3816 bus,
140 3733 238 3834 quod,
253 3733 459 3800 decumbenti
471 3756 544 3799 cum
559 3757 579 3800 a
593 3734 734 3834 physicis
753 3744 837 3800 esset
858 3743 1054 3820 suggestum,
1076 3753 1173 3818 posse

53 3839 161 3883 curan
188 3839 271 3900 eum,
300 3818 328 3882 si
353 3818 450 3884 rebus
476 3820 642 3884 venerersk
663 3821 711 3883 uti
732 3817 837 3901 vellet,
869 3817 1048 3904 respondit:
1080 3813 1175 3881 malle

54 3923 85 3967 se
115 3903 211 3976 mori,
244 3923 342 3988 quam
367 3905 402 3968 in
428 3903 685 3989 peregrinatione
705 3902 815 3967 divina
849 3923 966 3987 corpus
995 3922 1087 3964 suum
1117 3923 1176 3986 per

57 4062 78 4114 a)
92 4066 150 4104 deut
166 4065 209 4106 01.
262 4061 286 4114 b)
303 4063 442 4106 susttctensl
459 4066 507 4104 131.
555 4063 576 4116 c)
592 4065 662 4106 tuerit
678 4068 724 4116 013
740 4065 795 4115 quid
810 4065 882 4106 tuerit
896 4076 907 4104 ι
921 4075 979 4106 corr.
997 4064 1038 4104 01.
1086 4060 1110 4115 d)
1127 4063 1173 4104 An·

1 4163 2 4166 ,
55 4125 171 4174 tyochiam
187 4123 233 4162 Bl.
294 4120 381 4173 s)Sur¹
397 4125 441 4165 08.
502 4122 592 4175 mutor
607 4126 666 4164 codd.
690 4157 699 4172 ,
729 4123 906 4176 ε)Αιειιι·οοά4.
966 4119 1107 4172 h)Acearon
1124 4123 1172 4172 013

57 4181 147 4223 Arcton
157 4181 200 4224 01.
261 4179 278 4233 1)
287 4182 324 4222 vel
339 4193 425 4222 aarum
440 4184 482 4224 02.
543 4182 567 4234 k)
584 4185 676 4224 veneris
692 4185 711 4225 0
716 4185 736 4236 a,
751 4195 809 4228 corr.
824 4183 930 4224 venereis
946 4181 998 4232 Bl,
1014 4182 1111 4222 venenis
1127 4181 1172 4223 01.

1 4309 3 4362 l
59 4295 84 4361 1)
101 4295 232 4363 Princeps
250 4294 444 4360 Armeniorum,
469 4298 501 4348 de
524 4297 601 4348 cuius
613 4297 671 4364 fide
690 4305 782 4349 auctor
807 4298 876 4349 male
895 4294 1029 4348 iudicasse
1047 4293 1171 4354 videtum

1 4389 2 4406 1
55 4386 80 4420 o.
100 4368 207 4421 Riezler
220 4385 252 4435 p.
271 4368 317 4422 68.
410 4371 439 4437 2)
459 4369 568 4436 Salepb.
666 4372 695 4434 3)
714 4370 841 4422 Aaronem
860 4376 883 4422 et
902 4364 1057 4420 necaonem
1077 4373 1170 4418 auctor

1 4474 2 4478 =
58 4442 206 4509 confundit.
281 4442 558 4510 4)1191,Iao.20.
