2924 5006
235 384 287 434 184
327 382 515 435 CHRONIOA
528 381 641 434 Recta
656 380 908 433 COLONIENSIS.
928 379 1032 431 CONT.
1042 378 1081 428 11.
1099 382 1132 431 A.
1144 378 1223 430 1208.
1235 377 1314 430 1209.

124 566 175 608 Doe-
186 567 222 608 2⁰.
234 550 461 635 desponsatam
488 544 551 612 sibi
576 547 703 633 accepit
731 567 875 611 uxorem.
918 544 1040 631 Vigilia
1067 545 1190 612 Thome
1216 544 1355 632 apostoli

237 633 314 700 Otto
329 644 409 698 rcx¹¹
425 630 594 698 Coloniam
615 631 799 712 adveniens,
822 640 987 718 tamquam
1003 651 1107 694 novus
1128 653 1188 696 rex
1208 631 1251 696 ab
1267 633 1355 695 omni

235 718 365 782 civitate
401 718 436 780 in
470 715 579 781 leticia
612 726 644 780 et
678 714 873 780 exultatione
933 715 1139 779 loriosissime
1176 725 1357 800 susceptus,

234 800 356 868 ibidem
387 800 495 866 triduo
528 810 742 864 commoratus
777 808 835 865 est.
948 799 1137 864 heoderious
1170 800 1358 886 prepositus

236 884 428 951 Sanctorum
450 883 679 972 Apostolorum
702 881 835 949 Colonie
857 883 891 947 in
918 883 1198 970 arehiepiscopum
1227 881 1269 948 eli
1295 885 1359 947 'tur

237 971 286 1040 11.
313 968 387 1033 Kal.
413 970 542 1035 Ianuar.
626 966 792 1032 Palatinus
820 965 860 1031 de
887 966 1167 1052 Wittelingisbaoh
1196 968 1267 1032 occi
1293 968 1360 1033 itur

234 1052 276 1118 ab
298 1053 453 1118 Heinrico
475 1053 515 1118 de
530 1050 661 1117 Kalatin
706 1073 741 1115 ro
763 1063 864 1116 morte
885 1049 1026 1136 Philippi
1048 1054 1143 1137 regis,
1165 1074 1262 1138 quem
1285 1053 1358 1138 ipse
1447 1109 1451 1116 .

236 1135 408 1204 crudeliter
430 1136 601 1202 occiderat.
718 1134 812 1200 odem
833 1145 977 1221 tempore
999 1138 1032 1199 in
1054 1135 1173 1222 Anglia
1195 1135 1358 1201 dissensio

159 1221 342 1308 raosgravis
372 1230 442 1286 orta
468 1231 525 1290 est,
570 1219 800 1284 Cantuariense
828 1241 967 1305 namque
995 1219 1238 1306 archiepiscopo
1266 1221 1357 1284 viam

233 1307 383 1370 universe
414 1307 518 1370 carnis
546 1305 701 1390 ingresso,
729 1302 807 1367 dum
834 1325 893 1390 pro
922 1302 1070 1388 eligendo
1099 1313 1227 1390 pastore
1250 1302 1360 1369 clerus

234 1409 308 1452 cum
331 1387 451 1475 populo
474 1389 684 1470 convenisset,
707 1410 766 1451 rex
781 1388 940 1453 Iohannes
962 1386 1120 1454 tirannide
1141 1410 1179 1453 ac
1201 1387 1358 1453 violentia

233 1473 338 1558 magis
361 1495 436 1538 usus
460 1495 556 1560 quam
577 1472 716 1554 iusticia,
749 1470 883 1537 liberam
912 1481 944 1537 et
969 1473 1011 1538 ab
1039 1473 1170 1558 antiquo
1199 1474 1359 1536 canonice

234 1568 456 1623 conservatam
471 1566 502 1622 et
523 1555 701 1644 apostolica
721 1557 911 1622 auctoritate
928 1555 1147 1620 confirmatam
1163 1554 1357 1620 electionem
1448 1580 1449 1583 ¹

232 1643 268 1705 in
288 1640 503 1728 preiudicium
524 1641 602 1706 iuris
625 1640 760 1705 ecclesie
781 1639 1019 1726 pertemptabat
1040 1640 1224 1725 infringere,
1252 1639 1358 1726 regali

234 1724 347 1790 ditioni
370 1726 480 1790 dicens
501 1725 647 1808 attinere,
678 1723 766 1810 quod
792 1727 863 1811 ipse
884 1724 1163 1811 archiepiscopum
1191 1727 1236 1788 eis
1258 1724 1359 1810 prefi-

234 1830 306 1875 cere
328 1809 469 1876 deberet.
514 1809 638 1875 Oeteris
655 1831 731 1873 vero
777 1832 812 1875 er
832 1809 1087 1873 iurisdictionem
1109 1820 1141 1874 et
1162 1807 1359 1874 ecclesiasti·

233 1914 305 1958 cam
328 1915 494 1960 censuram
517 1916 552 1958 se
574 1832 828 1976 defendentihus,
851 1915 925 1956 cum
947 1891 992 1956 nil
1012 1893 1214 1979 proficerent,
1237 1903 1270 1958 et
1283 1916 1358 1978 rex,

233 1988 397 2065 tamquam
419 1977 519 2043 hostis
541 1986 573 2042 et
593 1978 743 2041 inimicus
766 1978 910 2042 veritatis
933 1988 965 2042 et
985 1977 1119 2059 iusticie,
1149 1977 1236 2040 omni
1259 1999 1356 2042 cona-

234 2062 319 2126 mine
351 2061 537 2127 violentiam
564 2062 610 2126 eis
638 2062 777 2144 inferret,
814 2062 979 2126 dominum
994 2083 1128 2148 papam
1161 2083 1259 2210 super
1289 2061 1357 2127 hoc

235 2144 464 2211 consulendum
487 2153 688 2210 censuerunt.
731 2145 898 2212 Relatione
924 2147 1023 2231 igitur
1043 2146 1193 2210 huiusmo
1217 2147 1228 2210 i
1250 2146 1357 2212 Rome

234 2227 350 2312 delata,
372 2252 430 2315 per
452 2229 641 2294 sententiam
664 2230 762 2294 totius
779 2231 922 2294 Romane
944 2231 1031 2295 curie
1053 2253 1111 2294 rex
1134 2233 1355 2295 excommuni·
1454 2303 1458 2310 .

234 2322 339 2395 catur3
371 2322 596 2400 transactoque
628 2312 791 2400 aliquanto
822 2323 976 2400 tempore,
1009 2335 1094 2400 papa
1127 2312 1354 2379 Cantuariensi

156 2416 221 2458 noc.
232 2396 365 2462 ecclesie
388 2399 575 2484 episcopum
597 2397 778 2484 preficiens,
800 2399 834 2461 in
845 2397 997 2482 Angliam
1018 2399 1232 2482 transmisit13
1255 2421 1354 2498 quem

232 2503 305 2546 cum
327 2480 507 2546 nullatenus
528 2504 587 2545 rex
609 2482 772 2569 suscipere
795 2483 996 2563 consentiret,
1019 2481 1076 2548 sed
1090 2484 1193 2568 magis
1216 2484 1354 2548 exitium

232 2564 449 2629 crudelissima
476 2566 588 2629 mortis
609 2565 665 2649 illi,
703 2567 731 2631 si
762 2565 816 2631 illo
844 2567 962 2631 intrare
1008 2575 1222 2665 ertemptaret,
1255 2569 1352 2632 inter-

155 2675 220 2716 mos.
231 2650 416 2732 minaretur,
438 2646 662 2714 nichilominus
685 2660 717 2715 et
737 2651 811 2738 ipsa
829 2659 896 2715 tota
909 2588 1029 2736 Angla
1051 2651 1146 2714 simrli
1168 2672 1375 2716 excommu-

231 2733 401 2797 nicationis
437 2735 596 2797 sententia
627 2734 748 2799 feritur.
845 2735 1045 2816 Fridericus,
1087 2734 1171 2798 filius
1204 2735 1352 2800 Heinrici

231 2818 442 2902 imperatoris,
475 2815 580 2881 adhuc
612 2819 807 2902 adolescens,
840 2820 944 2884 innah
975 2819 1117 2885 Siciliam
1151 2841 1184 2883 se
1211 2818 1355 2966 plurimo

231 2911 374 2986 tempore
396 2901 572 2983 continens
601 2900 700 2965 filiam
721 2904 806 2989 regis
829 2904 1065 2988 Arragonum⁰‚
1094 2903 1146 2968 etd
1167 2902 1209 2966 ad
1232 2923 1273 2966 uc
1295 2927 1355 2990 pa·

230 3007 348 3072 ganam
356 2985 379 3069 ²,
402 2985 459 3050 sed
480 2993 593 3071 postea
614 2987 819 3051 christianam
843 2988 969 3070 factam,
992 2986 1086 3051 duxit
1106 3009 1251 3053 uxorem.

469 3091 564 3153 Anno
587 3088 746 3155 dominice
768 3090 996 3155 incantationis
1022 3091 1111 3155 1209.

317 3171 393 3239 Otto
415 3195 475 3237 rex
496 3172 600 3240 natale
622 3175 756 3239 Domini
771 3175 885 3240 Bunne
906 3173 1089 3239 celebravit.
1174 3174 1214 3239 In
1236 3184 1356 3240 octava

120 3285 174 3327 uas.
184 3287 219 3332 aa
230 3265 431 3343 pentecostes
465 3257 684 3323 Theodericus
722 3258 842 3323 electus
876 3280 985 3323 omnes
1025 3258 1244 3344 suffraganeos
1284 3261 1354 3345 epi·

230 3361 344 3427 scopos
360 3340 528 3407 Coloniam
542 3343 699 3424 invitavit,
716 3344 865 3428 quatinus
881 3365 992 3407 eorum
1003 3342 1156 3427 suffragio
1172 3342 1353 3408 secundum

230 3425 311 3490 scita
346 3447 505 3490 canonum
541 3428 648 3512 episco
674 3426 777 3492 alibus
809 3429 957 3514 insigniis
995 3427 1141 3492 investiri
1177 3427 1354 3492 debuisset,

228 3510 371 3575 Instante
393 3520 500 3575 autem
523 3511 584 3593 die,
607 3451 738 3577 ethora
759 3510 956 3599 procedendi
977 3512 1041 3576 iam
1064 3511 1259 3592 imminente,
1287 3510 1351 3575 dis-

232 3595 338 3658 sensio
360 3594 442 3658 inter
462 3595 527 3657 iam
542 3594 645 3660 dictos
660 3597 830 3694 episcopos
846 3597 955 3679 oritur,
978 3595 1121 3682 quolibet
1141 3594 1353 3679 acclamante,

230 3677 309 3741 iuris
332 3679 381 3741 sui
403 3699 482 3758 esse,
507 3679 592 3764 quod
607 3679 884 3765 archrepiscopum
906 3681 917 3742 i
941 3703 975 3746 se
991 3701 1178 3745 consecrare
1201 3680 1352 3762 deberet;

231 3763 340 3847 sicque
367 3763 402 3824 in
423 3760 607 3826 huiusmodi
636 3762 868 3850 disceptatione
896 3703 1095 3850 aliquantum
1122 3763 1185 3827 diei
1207 3774 1352 3849 protrac-

230 3854 299 3909 tum
321 3854 378 3927 est,
401 3866 567 3932 quousque
582 3847 652 3932 ipse
667 3847 884 3912 Theodericus
900 3848 1018 3913 electus
1034 3871 1067 3912 se
1089 3846 1231 3912 medium
1252 3848 1352 3912 inter·

230 4061 253 4116 s)
274 4063 335 4112 regn
356 4074 413 4103 corr.
429 4075 471 4105 rex
486 4063 532 4104 At.
592 4064 616 4118 b)
633 4067 694 4107 inter
710 4065 756 4108 Aa
818 4063 839 4117 c)
855 4065 985 4116 Arragaum
1001 4065 1049 4106 Aa.
1110 4063 1133 4116 d)
1150 4065 1262 4114 sortasse:
1284 4069 1351 4106 tunc.

233 4229 260 4298 1)
280 4229 433 4294 Stephanos
460 4231 583 4300 Lsorptoa
606 4251 632 4284 a.
662 4233 741 4284 1206.
761 4233 861 4285 Romae
885 4235 998 4297 electus,
1026 4250 1081 4285 non
1106 4213 1194 4284 tamea
1218 4231 1349 4301 Anqls'am

229 4305 373 4372 inpressos.
471 4306 500 4371 2)
527 4305 601 4356 Noto
631 4321 747 4358 errorem
777 4307 947 4372 manifestam
979 4307 1132 4374 scriptorisr
1165 4304 1350 4358 constantiam

229 4395 257 4430 o.
278 4376 358 4428 1208.
378 4375 429 4428 sibi
447 4377 625 4444 desponsavit,
646 4380 693 4432 sed
713 4395 782 4431 anno
803 4381 921 4446 sequenti
939 4397 1048 4434 uxorem
1066 4379 1155 4432 ducit.
