2944 5002
214 409 265 460 EX
283 408 377 461 HIST.
396 407 680 460 EXPEDITIONUM
698 409 738 460 IN
757 410 904 462 TERRAM
923 411 1099 467 sanarint.
1161 414 1218 466 839·

97 587 218 636 sarnm⁸.
258 583 360 634 Civitas
383 583 434 633 hec
453 588 542 649 preter
560 581 708 633 naturalem
723 585 802 635 situm
818 583 880 647 loci,
900 601 952 651 quo
972 586 1096 650 munitur,
1115 587 1217 654 triplici

96 661 190 710 cincta
209 662 250 709 est
268 673 351 717 muro,
377 656 493 707 turribus
511 655 640 707 latericiis
660 655 750 708 multis
770 664 797 708 et
816 660 920 723 maguis
938 658 1083 711 fortissime
1102 659 1214 725 firmata,

97 732 184 783 clavis
213 736 241 782 et
268 730 433 782 antemurale
452 732 534 781 totius
552 730 667 796 Egypti,
695 731 766 781 inter
793 737 890 781 terram
912 725 1009 783 lessob
1039 739 1066 784 et
1090 749 1214 801 campum

95 807 222 856 Thaneos
237 805 298 867 sita,
323 807 373 854 inc
397 810 477 864 terra,
495 810 525 854 ut
545 804 667 854 conicere
686 820 836 870 possumus,
853 805 964 866 (iernen,
990 807 1054 872 quia
1076 809 1213 872 pascualis

96 886 147 941 est,
168 894 248 946 qnam
267 879 408 945 pecierunt
425 876 474 926 filii
492 872 600 927 Israel(l
619 893 636 926 a
654 878 795 928 Pharaone
815 884 935 945 tempore
954 880 1042 931 lamis.
1076 881 1213 946 Damiata,

94 953 233 1016 Damiata,
251 951 346 1002 inclita
364 953 393 1000 in
412 950 511 1016 regnis,
530 952 633 1002 famosa
652 950 762 1003 multum
780 953 810 1001 in
823 953 1111 1018 superbiaBabylonis,
1131 957 1212 1007 maris

95 1025 269 1089 dominatrix,
296 1025 499 1076 christianorum
519 1025 687 1091 spoliatrixe,
711 1041 760 1092 per
783 1041 884 1092 paucas
908 1025 996 1078 scalas
1017 1028 1212 1094 conprehensa,

94 1115 169 1150 nunc
188 1099 328 1150 humiliata
355 1115 383 1149 es
409 1098 458 1148 eub
484 1099 587 1164 potenti
612 1115 693 1149 manu
711 1100 773 1162 Dei,
801 1104 828 1150 et
854 1093 925 1165 ques
948 1101 1020 1166 prius
1043 1101 1212 1167 parturiebas

93 1175 209 1240 spurios,
228 1172 325 1224 amodo
337 1173 426 1239 paries
437 1171 507 1222 filios
525 1171 660 1236 legitimos
679 1172 714 1222 ad
729 1172 827 1222 cultum
838 1172 903 1224 Filii
915 1174 977 1237 Dei,
996 1173 1106 1225 firmiter
1124 1191 1142 1225 a
1155 1176 1211 1227 cul-

94 1248 198 1298 toribus
228 1246 327 1297 Christi
357 1261 492 1312 possessa.
538 1246 687 1297 Aconensis
715 1247 858 1313 episcopus
883 1249 936 1297 iam
967 1264 1000 1297 ex
1026 1255 1055 1298 te
1080 1249 1212 1315 primitias

95 1323 244 1371 animarum
264 1320 354 1383 solvit,
373 1318 499 1386 parvulos
519 1325 587 1380 tuos,
613 1321 659 1385 qui
678 1321 706 1370 iu
725 1326 751 1370 te
771 1321 870 1387 reperti
888 1326 949 1372 sunt
968 1322 1002 1371 ab
1022 1323 1089 1387 ipso,
1113 1322 1210 1374 vitales

95 1401 123 1446 et
141 1395 221 1445 morti
239 1395 373 1460 proximos
399 1393 569 1459 baptismatis
588 1392 661 1443 unda
679 1393 910 1444 sacramentaliter
936 1394 1098 1458 mundando,
1123 1397 1211 1447 eciam

93 1471 173 1518 morti
192 1469 327 1533 proximos
345 1465 508 1517 renovando.
546 1465 711 1532 Multiplices
731 1466 834 1518 solvisti
857 1483 950 1533 penas,
976 1470 1038 1534 quia
1055 1475 1145 1536 preter
1164 1485 1210 1521 eos

93 1545 141 1609 qui
159 1543 216 1591 vivi
235 1541 412 1607 conprehensi
431 1540 538 1590 suntin
562 1547 588 1590 te
614 1542 711 1591 mortui
735 1543 774 1591 tui
794 1543 938 1607 promiscui
956 1558 1036 1594 sexus
1055 1559 1072 1592 a
1090 1550 1210 1610 tempore

92 1614 241 1667 obsidionis
260 1616 288 1684 in
308 1615 421 1664 circuitu
447 1618 626 1680 conputantur
649 1614 684 1664 ad
708 1616 820 1679 triginta
845 1613 920 1664 milia
945 1616 1117 1682 etamplius,
1143 1633 1210 1682 qnos

91 1690 151 1740 sine
177 1689 246 1739 ferro
271 1688 315 1738 vel
340 1689 404 1752 igne
428 1687 560 1738 Dominus
584 1689 732 1755 percussit,
760 1687 857 1739 amodo
886 1689 1018 1740 sustimre
1047 1689 1209 1754 dedignatus

91 1763 234 1830 spurcitias
253 1764 281 1811 in
300 1767 327 1812 te
347 1762 513 1812 commissas.

168 1837 210 1888 te.
224 1835 348 1888 Gaudeat
355 1836 437 1900 igitur
446 1833 606 1885 universalis
617 1834 742 1896 ecclesia,
751 1835 846 1898 dignas
856 1836 1000 1899 gratiarnm
1011 1838 1131 1888 actiones
1141 1837 1209 1888 reie-

90 1911 175 1961 rendc
195 1926 242 1976 pro
262 1908 311 1960 tali
324 1909 487 1978 triumphet,
507 1913 535 1959 et
552 1924 605 1959 uon
624 1907 710 1959 solum
723 1924 771 1975 pro
781 1909 916 1972 Damiata,
936 1909 985 1960 aad
1003 1926 1051 1975 pro
1072 1910 1211 1963 destructa

87 1985 243 2050 perniciosa
263 1983 408 2032 munitione
429 1982 526 2033 montis
544 1982 652 2032 Thabor
672 1988 699 2032 et
717 1998 765 2048 pro
784 1981 859 2032 aditu
878 1981 963 2033 libero
983 1983 1018 2033 ad
1031 1984 1206 2046 lhernsalem,

87 2063 120 2108 ut
131 2055 321 2107 reedificentur
339 2057 407 2106 muri
421 2058 478 2106 eine
491 2061 611 2122 tompore
625 2056 659 2105 ab
667 2055 804 2106 Altissimo
823 2057 944 2122 provis03
971 2073 1019 2123 pro
1040 2065 1127 2108 castro
1147 2074 1208 2124 pre·

86 2137 166 2181 terea
185 2130 248 2180 Filii
269 2131 330 2192 Dei,
350 2130 423 2194 quod
442 2132 548 2194 magnis
566 2130 715 2196 sumptibus
735 2128 846 2178 edificat
864 2129 966 2180 utiliter
991 2137 1019 2182 et
1040 2133 1207 2198 inexpugna-

85 2204 181 2255 biliter
199 2202 301 2253 milicia
319 2203 433 2270 Templi,
459 2203 492 2253 de
519 2219 571 2269 quo
598 2204 719 2270 superius
745 2202 850 2268 plenius
876 2204 1006 2269 scriptum
1032 2202 1087 2257 est!
1106 2206 1205 2256 Latara

86 2278 246 2344 specialiter
264 2278 398 2343 provintia
416 2277 595 2340 coloniensis,
622 2276 712 2327 exulta
732 2282 759 2326 et
778 2275 870 2339 lauda,
881 2336 885 2345 Ι
896 2279 1021 2343 quoniam
1036 2279 1064 2328 in
1081 2280 1206 2342 navibus,

84 2353 115 2401 in
134 2352 316 2402 instrumentis
337 2349 450 2414 bellicis,
469 2350 654 2415 bellatoribus,
680 2350 769 2413 armis,
795 2352 919 2414 pecnnia,
938 2352 1100 2404 victualibus
1120 2354 1205 2404 maius

86 2425 216 2476 auxilium
237 2425 323 2475 tulisti
342 2440 421 2489 quam
441 2423 577 2475 residuum
596 2426 677 2475 totius
696 2424 774 2489 regni
793 2424 966 2475 Theutonici!

545 2599 745 2608 ..ψ-..-

615 2791 679 2842 VII.

140 2881 195 2933 EX
210 2880 396 2934 HISTORIA
415 2881 722 2935 EXPEDITIONUM
737 2882 787 2934 IN
805 2881 963 2934 ranam
980 2880 1163 2936 SANOTAM

521 2973 554 3026 A.
571 2976 761 3027 1217-1219.

380 3081 410 3144 2.
432 3079 507 3144 De¹
524 3100 719 3165 processu
739 3077 908 3142 navium.

170 3182 264 3246 Anno
280 3182 382 3266 gratie
399 3181 568 3246 millesimo
587 3182 807 3246 ducentesimo
827 3202 861 3244 se
886 3180 964 3244 timo
983 3178 1109 3247 decimo
1124 3183 1203 3248 Wil-

82 3264 209 3332 helmus
224 3287 330 3331 comes
346 3265 507 3330 Hollensie
521 3276 554 3331 et
564 3264 604 3332 G.
621 3287 728 3331 comes
744 3264 785 3330 de
795 3264 851 3330 Wi
875 3286 893 3329 e
915 3286 989 3328 cum
1010 3264 1082 3330 aliis
1106 3288 1202 3333 cruce

84 3351 220 3436 signatis
235 3349 414 3415 Theutonie
435 3371 474 3414 ac
489 3350 593 3416 Frisie
614 3349 656 3415 ad
671 3349 803 3414 Terram
818 3349 982 3439 [Sanctam
990 3350 1017 3436 ¹¹]
1039 3351 1202 3437 proficisci

84 3531 109 3584 a)
126 3545 149 3573 m
165 3544 228 3583 spec.
245 3533 291 3576 dlv.
306 3534 330 3574 a'a
345 3544 428 3573 rasura
446 3545 478 3584 c.,·
493 3534 537 3576 dar.
553 3534 593 3584 L.;
614 3535 639 3574 ln
654 3535 740 3575 abund.
756 3534 830 3573 maria
845 3533 929 3572 cmm
952 3529 976 3584 b)
993 3532 1019 3574 θ.
1080 3533 1158 3574 Gesen
1173 3536 1200 3576 L.

84 3590 107 3644 c)
122 3594 171 3633 Ista
186 3598 221 3633 est
235 3598 296 3634 terra
312 3593 396 3639 Geren.
411 3593 529 3642 pascualis
544 3597 568 3634 et
582 3594 699 3634 uberrima
714 3605 736 3644 q.
751 3605 776 3643 p.
792 3593 819 3633 L.
887 3589 911 3643 d)
926 3602 1034 3642 raparacr.
1050 3603 1069 3632 c.
1137 3591 1159 3646 a)
1175 3596 1201 3635 tn

83 3661 181 3693 accessu
195 3656 369 3702 persecutorum
385 3663 479 3692 snorum
494 3664 518 3703 p.
534 3663 558 3702 p.
574 3656 598 3694 et
620 3653 722 3693 modicas
745 3663 776 3692 ac.
792 3652 819 3693 Is.
863 3649 920 3703 flet
942 3652 1056 3703 adultero,
1078 3663 1146 3701 quem
1162 3655 1202 3694 diu

82 3713 188 3762 tenuisti,
203 3713 296 3752 tandem
311 3713 422 3762 prolecto,
440 3721 534 3752 reversa
557 3722 581 3753 aa
597 3713 628 3752 ad
648 3715 774 3753 amatorem
795 3715 861 3752 tuum
875 3713 983 3761 priorem,
998 3715 1022 3752 at
1037 3722 1082 3761 que
1096 3713 1161 3763 prius
1176 3712 1202 3752 L.

84 3769 108 3823 g)
125 3783 147 3822 p.
164 3775 179 3811 t
197 3777 226 3812 tr.
244 3775 322 3820 grates
338 3771 441 3813 referans
457 3772 515 3822 Deo,
533 3772 572 3822 qui
587 3772 634 3812 vite
650 3775 673 3812 et
686 3772 768 3811 mortis
784 3770 854 3822 habet
868 3770 998 3821 imperium,
1015 3771 1053 3810 cul
1069 3774 1104 3811 est
1119 3771 1202 3824 honor,

83 3833 157 3871 virtus
174 3833 197 3872 ct
212 3832 321 3881 potencia
336 3842 378 3881 per
392 3830 485 3872 infinita
500 3832 579 3871 secula
595 3831 726 3872 seculorum
741 3840 817 3881 amen,
827 3830 879 3881 finit
894 3831 919 3872 L.
977 3826 1003 3880 b)
1018 3831 1074 3870 daast
1085 3841 1106 3876 ‚a

85 3979 114 4048 1)
133 3980 216 4034 Libro
230 3980 412 4048 praemittitur·
429 3981 528 4032 rubra:
557 3982 657 4048 Incipit
682 3981 777 4032 relatio
796 3979 1021 4031 Iberosolimitani
1046 3982 1199 4046 patriarche

82 4057 195 4108 Roman.
214 4055 336 4123 pontifici
354 4057 388 4107 de
407 4057 590 4107 transmarinis
608 4056 773 4122 principibus
793 4053 965 4118 Salahadino,
995 4055 1075 4104 etiam
1096 4054 1199 4122 Saphe-

83 4129 147 4180 dino
175 4135 202 4180 et
227 4130 261 4181 de
285 4131 366 4180 variis
392 4129 531 4180 eventibus
557 4129 759 4180 christianornm
784 4134 811 4178 et
834 4126 926 4192 preliis
952 4133 1045 4178 contra
1066 4127 1199 4194 perfidam

83 4209 192 4269 gentem
213 4204 434 4266 sarracenorum
459 4201 490 4254 id
511 4209 548 4254 cat
572 4219 626 4253 aon
648 4201 748 4254 Oliocri
765 4199 895 4264 namatio,
919 4208 949 4250 at
967 4199 1102 4266 notarat,
1122 4201 1199 4254 ‘For-

83 4275 224 4343 aclrarrpea’
243 4276 322 4339 XVI,
342 4293 374 4342 p.
396 4278 458 4338 153,
477 4277 601 4343 opinatus
620 4283 666 4338 cat,
691 4275 739 4327 aad
757 4273 843 4327 breuia
860 4273 991 4337 narrato,
1020 4273 1107 4339 qualis
1126 4275 1200 4329 edita

83 4358 121 4400 cat
139 4359 273 4415 tmnqaom
292 4348 384 4401 tertius
403 4349 496 4402 Iacobi
515 4351 547 4402 de
568 4349 683 4401 Vitriaoo
703 4347 768 4401 liber·
787 4348 834 4414 (cs.
849 4346 977 4412 Zorncke,
997 4346 1068 4401 ‘Bam
1088 4349 1114 4402 el.
1125 4349 1150 4403 lt.
1167 4348 1197 4401 S.

83 4422 144 4477 (ias.
165 4423 192 4474 d.
212 4422 295 4479 Wra’
316 4423 395 4487 1875,
419 4441 448 4490 p.
470 4425 534 4490 146)
555 4431 578 4476 et
596 4423 673 4489 apud
686 4421 767 4487 Gilca,
785 4421 843 4475 lac.
863 4419 953 4488 script.
968 4438 999 4487 p.
1021 4423 1065 4474 61.

933 4507 997 4571 22*
