2924 5006
325 378 377 429 188
416 377 604 431 oflaorucn
616 377 729 431 anull
742 377 995 430 conoumusla
1015 376 1118 430 CONT.
1128 377 1165 429 11.
1185 378 1221 430 A.
1233 376 1310 426 1211.
1321 375 1391 430 rata.

324 548 541 634 perversitate,
569 569 611 612 ex
638 547 796 612 sententia
827 545 969 610 omnium
991 542 1191 694 preiudicati,
1214 544 1303 610 ducti
1322 546 1421 610 suntin

324 653 485 718 campum,
513 629 571 695 ubi
597 630 633 694 in
658 641 833 716 conspectu
855 632 952 695 totius
975 629 1051 695 ceri
1072 651 1111 694 ac
1141 652 1184 715 po
1210 629 1257 693 uli
1279 629 1421 714 degradati

324 714 524 802 clericalique
556 715 646 780 exuti
677 714 863 800 privilegio,
895 714 980 800 regis
1013 714 1156 780 custodie
1185 653 1333 799 deputati
1357 725 1421 778 sunt

325 800 398 881 Quo
426 822 492 864 non
518 798 618 864 multo
650 810 724 884 post
756 821 912 884 regresso,
945 799 978 862 in
1012 799 1080 862 eius
1111 809 1276 863 conventu
1307 796 1422 862 flammis

324 885 430 949 exusti
463 895 546 949 sunt.
601 882 703 947 Erant
733 892 842 947 autem
873 885 913 947 14
940 892 1007 947 tam
1038 881 1146 947 clerici
1174 882 1301 948 diversi
1326 881 1423 946 ordinis

325 990 422 1055 quam
449 978 481 1033 et
505 967 588 1048 laici,
620 969 675 1054 qui
703 966 872 1032 diabolicis
900 967 981 1032 adeo
1009 967 1123 1034 irretiti
1150 966 1425 1031 machinationibus

324 1061 424 1134 erant,
454 1061 490 1116 ut
517 1074 578 1117 nec
603 1052 638 1115 in
666 1053 739 1138 ipso
766 1052 878 1116 mortis
908 1050 1042 1116 articulo
1072 1050 1172 1116 ullum
1194 1053 1232 1115 in
1262 1052 1310 1116 eis
1338 1059 1427 1136 posset

323 1135 480 1223 perpendi
514 1135 668 1200 indicium
704 1137 892 1222 penitentie,
928 1134 986 1201 sed
1020 1144 1126 1201 mente
1162 1136 1330 1202 obstinata
1362 1133 1427 1198 viltro

324 1231 419 1307 atque
441 1220 586 1286 certatim
609 1241 664 1284 cor
689 1222 753 1285 oris
775 1228 807 1284 et
832 1221 938 1285 anime
968 1242 1038 1285 sese
1059 1219 1255 1305 ingerebant
1277 1218 1425 1304 supplicio.

408 1304 532 1369 Eodem
547 1325 631 1368 anno
677 1303 910 1369 ummilinus¹·¹
930 1327 989 1369 rex
1002 1303 1132 1386 Affrice,
1151 1303 1291 1374 collecto
1305 1305 1427 1367 innume-

323 1387 418 1454 rabili
433 1388 587 1468 exercitu,
609 1387 834 1470 transfretavit,
856 1389 1036 1475 multasque
1051 1390 1199 1473 regiones
1214 1389 1251 1453 in
1268 1387 1429 1454 cismarinis

324 1473 468 1560 partibus
490 1474 717 1558 pertransiens,
740 1484 856 1537 cuncta
871 1474 1021 1559 potestati
1043 1495 1099 1537 sue
1122 1473 1280 1557 subiecit3
1304 1471 1429 1538 tandem-

324 1579 386 1644 que
419 1579 555 1642 regnum
576 1556 805 1643 Hyspanorum
837 1558 1010 1643 ingressus,
1043 1579 1077 1621 re
1102 1579 1154 1622 cm
1181 1557 1271 1623 bello
1301 1565 1429 1643 potenter

205 1715 212 1728 .
324 1643 468 1729 appetiit,
490 1652 629 1707 castrum
646 1639 809 1727 quoddam
824 1581 1302 1728 inexpugnabilebumanoque
1317 1638 1428 1724 ingenio

323 1724 538 1812 insuperabile
560 1726 732 1812 superavit,
755 1725 928 1809 destruxit,
953 1726 1165 1813 omnibusque
1186 1749 1250 1813 pro
1268 1727 1362 1791 libitu
1374 1745 1429 1809 per·

323 1812 413 1893 actis,
435 1811 498 1896 ipsi
512 1810 581 1896 regi
596 1810 746 1896 omnique
768 1808 888 1910 populo
911 1821 993 1875 terre
1016 1811 1162 1898 sequenti
1184 1834 1272 1876 anno
1295 1811 1330 1872 in
1349 1829 1429 1872 manu

323 1896 397 1960 forti
426 1917 461 1959 se
488 1894 593 1959 denuo
622 1905 791 1958 venturum
819 1895 1050 1978 mterminatus,
1077 1897 1112 1958 in
1139 1906 1262 1960 terram
1286 1915 1375 1959 suam
1392 1912 1429 1954 re·

322 2001 434 2045 versus
455 1991 513 2046 est.

406 2063 578 2127 Heinricus
603 2061 670 2126 dux
692 2063 865 2128 Brabantie
886 2062 1043 2128 Leodium
1070 2066 1234 2129 civitatem
1258 2084 1334 2127 cum
1354 2080 1428 2124 exer·

324 2148 390 2212 citu
413 2149 586 2231 ingressus,
615 2169 630 2210 s
656 2145 727 2210 oliia
756 2157 788 2212 et
816 2148 949 2213 cedibus
977 2149 1010 2212 in
1038 2150 1125 2213 cives
1147 2148 1250 2212 multa
1274 2141 1431 2212 crudeliter

324 2243 475 2318 operatus
506 2240 584 2295 est².
631 2169 800 2296 gummam
828 2254 956 2318 quoque
983 2231 1162 2315 ecclesiam,
1190 2233 1296 2297 sancti
1324 2227 1427 2324 sedicet

323 2315 496 2396 Lamberti,
512 2315 683 2380 confractis
695 2317 809 2396 ianuis,
826 2318 963 2381 cruentis
975 2315 1122 2381 manibus
1134 2317 1295 2382 hostiliter
1306 2317 1425 2390 intrant,

323 2420 383 2465 nec
403 2400 450 2466 ibi
471 2401 591 2485 rapinis
613 2421 766 2500 parcens3
788 2398 873 2465 unde
891 2400 932 2464 ab
950 2403 1101 2488 episcopo
1115 2401 1298 2467 Leodiense
1321 2405 1424 2463 senten

324 2485 401 2549 tiam
423 2486 763 2550 excommumcationis
786 2487 920 2571 excepit.

562 2568 656 2633 Anno
679 2569 837 2633 dominice
858 2569 1086 2635 incarnationis
1110 2570 1199 2636 1212.

201 2676 312 2718 narare.
409 2650 485 2718 Otto
517 2654 692 2739 imperator
722 2654 757 2716 in
788 2652 922 2739 palmis³
956 2653 1043 2740 apud
1068 2654 1300 2719 Frankenvort
1320 2649 1428 2716 curiam

324 2734 507 2818 celebravit,
528 2737 584 2802 ubi
606 2737 735 2823 quidem
749 2738 842 2802 multi
856 2739 1018 2824 principes
1042 2749 1270 2819 convenerunt,
1295 2734 1349 2803 sed
1369 2752 1425 2818 pre·

322 2818 460 2884 latorum
482 2819 687 2886 ecclesiarum
716 2820 820 2886 nullus
842 2823 995 2894 accedere
1021 2821 1171 2905 audebat,
1201 2845 1238 2887 eo
1263 2818 1352 2910 quod
1370 2819 1425 2902 ipse
1455 2885 1456 2888 ,

322 2907 498 3003 imperator
524 2907 865 2970 excommunicationis
892 2908 1048 2972 sententia
1072 2906 1179 2971 adhuc
1201 2915 1364 2972 teneretur
1382 2898 1425 2963 ob·
1455 2909 1456 2944 ἒ

322 3009 450 3052 noxrus.

405 3072 486 3138 Item
509 3095 567 3137 rex
589 3075 708 3138 Affrice
729 3071 960 3156 Mummilinus,
981 3076 1151 3141 transiecto
1174 3075 1265 3156 mari,
1290 3075 1323 3138 in
1337 3065 1426 3135 multi·
1454 3119 1456 3150 ,

323 3156 434 3222 tudine
463 3160 555 3242 gravi
583 3167 700 3223 terram
725 3158 956 3245 Hyspanorum
983 3182 1094 3224 rursus
1120 3161 1285 3246 ingressus
1307 3167 1361 3222 est

406 3241 445 3305 In
466 3264 574 3306 mense
601 3241 682 3306 Iulio
709 3243 883 3329 imperator
910 3265 984 3306 curn
1005 3244 1161 3309 immenso
1187 3245 1334 3309 exercitu
1354 3235 1426 3302 Thu·
1455 3249 1456 3318 ξ

322 3326 459 3411 ringiam
480 3328 654 3411 ingressus,
679 3336 797 3392 terram
819 3326 989 3413 lantgravii
1009 3327 1147 3392 totaliter
1168 3327 1326 3412 dissipare
1347 3339 1424 3386 oona·
1454 3323 1456 3398 l

321 3408 426 3491 batur,
460 3411 608 3509 quatinus
644 3412 751 3497 ipsum
778 3410 1001 3497 lantgravium,
1038 3434 1134 3511 quem
1167 3413 1259 3497 quasi
1288 3405 1425 3476 rebellem
1455 3411 1456 3416 ’

322 3515 361 3556 ac
391 3516 483 3578 regm
514 3496 611 3559 totins
643 3495 767 3560 hostem
800 3496 939 3561 habebat
965 3518 1166 3583 precipuum,
1200 3495 1259 3559 hac
1287 3506 1424 3582 pressura

322 3576 384 3641 sibi
407 3576 601 3662 subiugaret,
624 3601 755 3665 sperans
779 3603 852 3644 eum
874 3603 933 3667 pro
956 3581 1098 3645 amicitia
1119 3602 1158 3644 ac
1176 3581 1280 3666 gratia
1302 3581 1424 3664 impera·

323 3661 401 3725 toris
423 3663 635 3745 promerenda
656 3663 750 3728 malle
773 3686 791 3729 o
817 3687 904 3729 eram
926 3665 1012 3746 dare,
1036 3687 1132 3751 quam
1155 3665 1252 3731 totius
1274 3673 1357 3729 terre
1376 3674 1422 3722 sue

323 3741 551 3810 desolationem
574 3749 739 3814 sustinere.
782 3688 904 3814 lerum
925 3749 992 3814 lant
1016 3751 1122 3814 ravins
1144 3748 1231 3814 velut
1251 3747 1302 3813 leo
1324 3739 1424 3811 mentis

321 3830 484 3917 impavide
508 3831 709 3919 quodamque
739 3835 853 3919 spiritu
875 3772 1069 3900 fortituriinis
1096 3833 1266 3917 animatus,
1296 3853 1369 3898 eum
1386 3827 1425 3889 in·

322 3991 345 4046 a)
361 3995 519 4036 Nunlmlllnun
535 3995 554 4034 A
564 3996 590 4047 2;
605 4007 654 4037 moa
668 3997 833 4037 Nummilinns.

325 4123 353 4193 1)
373 4126 392 4177 i.
412 4143 433 4178 e.
446 4126 743 4192 ranis-ez-Mumeete,
763 4129 1186 4182 Mabommed·Aba-Abdollalr.
1262 4127 1291 4197 2)
1312 4121 1385 4190 Quod
1400 4133 1420 4166 θ·

325 4199 405 4249 1212.
417 4200 524 4265 sactum
537 4205 607 4254 Ana.
618 4203 728 4254 Beinen'
740 4201 822 4255 Laod.
841 4205 961 4267 tradunt,
978 4202 1027 4256 SS.
1039 4203 1118 4266 XVI,
1132 4221 1159 4270 p.
1180 4203 1243 4254 664.
1318 4199 1346 4268 3)
1362 4193 1421 4246 Ami·

322 4269 432 4323 Reiaert'
455 4273 538 4326 Leod.
564 4275 581 4326 l.
607 4277 632 4338 L,
664 4277 719 4326 iam
749 4276 881 4327 dominico
908 4276 1024 4328 Laetare
1054 4278 1157 4329 curiam
1186 4277 1342 4327 celebratam
1367 4279 1422 4324 wer

323 4343 436 4470 dioqntq
458 4347 505 4398 scd
532 4348 686 4415 diplomate,
718 4349 902 4416 imperatorem
933 4351 960 4403 d.
995 4351 1111 4402 16-20.
1140 4350 1316 4417 Francofartr'
1334 4342 1421 4414 suilla

317 4436 370 4485 pro
390 4435 444 4470 aa.
