2934 4998
175 397 353 449 cultorum
371 397 533 450 RHYTHM.
555 399 795 452 COLONIENSIS
815 398 1049 451 FRAGMENTA.
1117 400 1170 450 305

198 567 326 631 Demon
348 565 472 649 letatur,
495 565 661 631 animabus
684 575 715 631 et
736 567 918 649 insidiatum

198 649 312 715 Mucro
334 650 493 736 fatigatur,
516 672 576 715 nec
598 651 761 737 sanguine
782 651 870 714 Mars
892 651 1044 736 saciatur3

201 733 328 820 Corpus
349 734 495 817 lassatur,
517 736 642 799 animus
663 757 729 799 non
750 733 948 818 debilitatur,

200 819 328 899 Quom
373 820 398 882 is
420 829 544 884 erratur
564 818 644 902 telis,
667 841 722 884 eor
742 819 814 905 plus
836 821 1003 885 animatur.

136 916 173 966 45
195 903 290 968 Mane
312 841 483 968 ridellatur
504 905 621 989 pueris,
642 902 749 968 fundis
771 902 936 985 iaculatur,

200 987 280 1052 Inde
302 986 477 1069 balistatur,
499 1009 650 1052 accursus
671 990 830 1074 utrimque
852 989 991 1053 minatur

201 1070 357 1154 Horrida3
379 1071 524 1157 pulsatur
544 1073 671 1136 tandem
696 1094 865 1158 campana3
887 1084 1020 1158 paratur

203 1156 318 1236 Quivis
339 1154 380 1219 ad
402 1177 507 1238 arma3
530 1156 624 1220 datur
645 1155 734 1221 locus
756 1157 932 1243 equitibus3
956 1157 1138 1225 rubricatur

202 1239 323 1321 Herba,
347 1261 459 1304 cruore
481 1249 569 1304 satur
589 1238 690 1322 tellus,
712 1243 843 1326 paciens
866 1240 1059 1314 lacrimatur.

138 1337 176 1386 50
197 1325 230 1389 Is
251 1324 334 1406 ferit,
356 1323 409 1389 ille
430 1327 512 1406 terit,
535 1322 616 1389 alius
637 1325 770 1410 predam
792 1325 853 1390 sibi
876 1327 994 1411 querit,

202 1409 267 1473 Hic
289 1419 386 1492 secat,
408 1410 467 1473 iste
488 1417 590 1490 necat,
612 1409 698 1473 hunc
720 1409 804 1474 ensis
825 1407 951 1496 fulgure
973 1421 1077 1494 cecat,

203 1494 235 1558 Is
256 1503 409 1579 punctare
430 1501 526 1575 vetat,
548 1514 623 1559 acer
643 1494 759 1558 ictibus
780 1493 833 1558 ille
855 1502 1009 1577 monetat;

203 1578 269 1643 Iste
290 1578 354 1642 ruit
375 1575 498 1659 stultus,
519 1599 584 1642 non
606 1577 730 1642 ceditur
750 1577 830 1642 alter
850 1577 979 1643 inultus.

205 1661 380 1748 Sincopat⁸
401 1662 474 1726 hiel
497 1672 606 1762 partus
628 1661 728 1744 dolor,
750 1661 829 1727 alter
850 1672 1027 1749 apocopat¹
1050 1674 1148 1730 artus.

141 1759 176 1809 55
200 1746 337 1811 Saucius
358 1747 419 1811 iste
441 1746 535 1827 cadrt,
557 1746 654 1811 alium
676 1749 834 1812 truncatio
856 1748 948 1812 radit.

204 1830 297 1895 Unus
318 1831 403 1895 iners
425 1832 559 1916 capitur,
581 1830 665 1896 redit
686 1830 774 1905 alter,
797 1831 917 1895 honore
939 1833 1068 1917 potitur.

206 1914 262 1979 Sic
283 1925 357 1980 sunt
376 1937 435 2000 per
456 1915 552 2001 plana
573 1916 748 1981 certamina
768 1915 974 1981 cotthidiana.

205 2000 343 2085 Insuper
362 1997 499 2064 insultus
519 2000 597 2062 facit
616 1999 659 2064 ad
681 1999 801 2064 fossata
822 1999 985 2064 tumultus.

206 2082 375 2150 Obsistunt
397 2084 491 2166 cives,
512 2085 632 2170 pariter
654 2106 729 2148 cum
773 2105 892 2170 aupere
913 2084 1012 2149 dives.

142 2181 179 2230 60
203 2168 319 2232 Hostes
340 2169 457 2254 aptatis
478 2169 695 2254 reprimuntur
715 2191 735 2232 a
778 2190 855 2253 yma
876 2169 996 2234 rotatis.

248 2270 301 2334 Ex
324 2269 412 2335 urbis
434 2280 523 2356 parte
545 2267 661 2354 probat
680 2270 714 2334 in
736 2270 834 2335 dubio
856 2273 937 2336 bene
958 2281 1059 2337 marte

207 2353 249 2419 Se
271 2353 406 2419 Limbur
429 2355 514 2418 ensis
536 2353 693 2418 Walrami
714 2356 832 2440 iugiter
853 2355 964 2420 ensis².

208 2437 273 2502 Sed
295 2447 385 2537 pater
440 2439 565 2503 enricus
586 2438 646 2504 fuit
667 2440 739 2505 urbi
761 2440 827 2504 dux
849 2441 1007 2505 inimicus.

205 2521 343 2587 lnsidras
364 2521 409 2586 illi
431 2523 508 2587 dum
530 2523 665 2589 tendunt
686 2525 769 2588 sicut
789 2522 906 2589 Achilli

142 2620 178 2670 65
200 2606 329 2688 Hostes,
351 2629 472 2693 perque
494 2607 603 2673 dolum
624 2630 664 2674 ou
688 2609 758 2672 iunt
777 2609 862 2673 hunc
883 2608 1017 2696 perdere
1039 2608 1151 2690 solum,

206 2690 349 2755 Vulnera
369 2702 417 2757 ter
438 2692 520 2756 dena
542 2693 629 2779 eapit
650 2631 733 2757 ultra
754 2715 811 2757 san
835 2695 909 2758 uine
931 2693 1025 2780 plena

208 2775 250 2839 Et
270 2775 353 2841 redit
373 2777 538 2862 incaptus;
562 2776 617 2842 sed
641 2775 708 2842 obit
729 2715 887 2843 vexillifer
908 2787 1001 2864 aptus

207 2859 258 2924 De
280 2859 374 2924 Mons
395 2861 584 2946 intrepidus,
605 2862 779 2926 raucinus³
801 2863 852 2925 ei⁰
875 2884 1003 2961 quoque
1025 2861 1119 2943 fidus,

208 2944 314 3024 Quem
336 2943 436 3010 doluit
456 2945 593 3009 multum
615 2945 780 3028 cecidisse,
802 2945 876 3010 licet
897 2957 973 3010 sans
994 2945 1106 3012 ultum.

143 3042 179 3091 70
200 3028 287 3094 Inter
309 3029 484 3114 burgenses
506 3052 570 3094 non
593 3051 744 3117 comparo
766 3029 829 3094 tela
849 3029 902 3094 vel
923 3051 1024 3098 enses.

207 3112 272 3193 Qui
294 3112 366 3198 plus
387 3114 556 3196 duxemnt,
580 3136 689 3178 omnes
710 3113 821 3179 laudes
843 3122 1035 3192 meruerunt,

207 3196 358 3262 Officium
381 3198 486 3284 quivis
508 3197 584 3262 dum
607 3198 733 3284 perficit
754 3197 830 3262 utile
853 3198 930 3262 civis

205 3281 248 3344 Et
269 3302 327 3367 pro
350 3283 568 3348 communire
591 3304 650 3346 ceu
672 3281 733 3347 sibi
755 3283 884 3369 proficit
904 3282 969 3346 uni.

247 3383 335 3447 Dum
358 3384 403 3447 sic
425 3386 596 3532 cinguntur
616 3407 675 3471 per
696 3395 727 3450 et
748 3385 871 3450 hostica
891 3383 954 3449 tela
980 3394 1175 3470 premuntur,

142 3481 177 3530 ‘15
199 3466 452 3554 Agrippinenses
497 3478 552 3534 ant
572 3469 663 3554 larga
684 3469 860 3555 stipendia3
881 3491 1008 3533 menses

204 3553 267 3616 Per
288 3551 404 3616 multos
426 3553 524 3638 igitur
546 3555 672 3618 exactio
695 3551 808 3618 crebra
830 3553 964 3618 subitur.

207 3633 315 3700 Armis
337 3637 487 3702 insistunt
507 3635 582 3702 laici
605 3637 784 3724 Suevisque
805 3639 965 3703 resistunt.

205 3718 259 3785 Ad
279 3721 401 3806 Regem
424 3721 482 3786 celi
504 3744 537 3786 se
559 3731 689 3787 vertunt
710 3722 807 3786 corde
828 3721 914 3786 fideli

207 3803 328 3887 Clarus,
350 3815 493 3872 matrone
516 3829 591 3870 eum
612 3815 679 3871 tota
700 3805 863 3893 religione.

57 4014 81 4068 ι)
96 4017 129 4057 hta
144 4021 163 4056 at
178 4028 267 4067 aequem
282 4029 357 4057 vernas
371 4019 395 4058 in
410 4019 507 4069 maraine
521 4020 621 4069 suppleti.
680 4016 703 4069 b)
720 4018 763 4058 hec
778 4028 835 4060 corr.
851 4017 889 4057 hic
904 4027 923 4058 c.
983 4015 1004 4067 e)
1022 4020 1045 4058 st
1060 4017 1092 4059 cd.

59 4111 88 4180 1)
107 4111 260 4180 Synaopare
280 4119 304 4165 et
322 4131 471 4181 apocopare
489 4114 649 4166 medicorum
668 4115 792 4165 ridentur
816 4130 872 4165 esse
894 4113 977 4164 cerda
996 4112 1028 4164 dc
1053 4112 1177 4164 membris

51 4184 244 4254 praecidendis
268 4190 310 4239 vel
334 4186 514 4254 amputandis.
535 4188 570 4238 D.
637 4186 667 4254 2)
688 4185 729 4253 Os.
751 4185 844 4238 orrea.
863 4203 917 4252 req.
944 4192 1013 4237 cont.
1033 4185 1072 4250 II,
1092 4203 1178 4252 supra

53 4277 84 4326 p.
104 4260 165 4309 177.
203 4259 310 4312 Patrem
328 4259 485 4313 Heinrieum
504 4261 645 4328 Philippus
665 4279 690 4313 a.
711 4260 814 4312 demum
836 4260 915 4309 1206.
936 4257 973 4309 ‘in
990 4260 1106 4328 qratiam
1119 4277 1176 4312 sus-

56 4332 141 4398 cepit',
159 4333 204 4394 ib„
222 4349 306 4400 supra
320 4352 351 4400 p.
369 4337 431 4386 179.
469 4334 500 4401 3)
513 4334 589 4387 Idem
608 4335 678 4400 quod
696 4335 811 4398 roricus,
830 4333 966 4397 macinas,
987 4350 1042 4386 asae
1062 4333 1177 4397 videtur,

55 4423 152 4472 equus,
173 4406 273 4459 Gallice
292 4409 418 4472 ‘roncin'3
437 4427 461 4461 v.
482 4408 612 4477 Ducanye
637 4408 668 4472 V,
683 4426 715 4474 p.
736 4407 797 4458 826.

907 4492 948 4558 20
