2934 4998
307 403 360 451 246
423 399 610 453 cfluouws
628 399 742 452 unuln
762 398 1011 451 conoumusls
1032 399 1195 452 curtum.
1215 399 1245 452 A.
1259 397 1342 452 1218.

705 575 872 627 Berenrio
892 573 916 626 I.
936 583 965 628 et
985 574 1027 627 11.

191 659 245 710 Aac.
259 649 569 718 “propugnacula
582 654 721 716 etpons.
735 650 808 700 Hoc
821 665 902 716 opus
915 649 947 700 iu
964 649 1019 699 die
1038 649 1418 701 sanctiBartholomei¹

305 727 393 776 turri
412 725 609 791 appositum
635 729 700 786 est,
721 724 930 775 Sarracenis
954 721 1114 774 viriliter
1135 725 1168 772 in
1196 723 1318 773 eadem
1338 722 1418 772 turri

305 791 364 850 seb
384 797 674 858 defendentibus,
694 796 791 847 modo
811 797 975 862 sagittis,
995 796 1090 846 modo
1109 796 1311 862 lapidibus,
1326 796 1418 846 modo

304 871 446 922 lanceis
466 876 499 922 et
520 872 663 921 maxime
685 885 745 936 per
763 871 886 935 ignem.
915 869 1206 921 Attamendivina
1228 870 1420 920 clementia

305 945 524 996 orationibus
544 949 578 994 et
602 943 754 994 lacrimis
779 959 968 1009 pauperum
988 943 1144 1013 placata,
1165 944 1350 993 extinctus
1375 950 1420 992 est

303 1020 395 1083 ignis
413 1018 448 1068 in
466 1022 588 1084 ponte,
615 1023 647 1068 et
671 1019 790 1068 turrim
817 1016 1009 1067 christiani
1033 1017 1201 1067 audacter
1225 1018 1370 1066 intrant
1392 1020 1421 1065 et

305 1092 457 1157 capiunt,
479 1092 579 1142 etsie
599 1090 738 1156 quidam
758 1090 1335 1148 exSarraoenissuntinterfecti,
1356 1089 1420 1154 qui·

305 1165 377 1214 dam
402 1167 435 1213 in
458 1164 538 1214 Nilo
560 1164 739 1225 submersi,
764 1163 902 1228 quidam
928 1179 964 1214 se
986 1165 1021 1212 in
1046 1179 1167 1229 aquam
1192 1165 1418 1229 proicientes

305 1241 506 1299 evaserunt,
527 1242 559 1287 et
578 1237 654 1302 plus
674 1252 774 1302 quam
794 1243 926 1287 centum
947 1238 1042 1303 capti
1062 1243 1147 1287 sunt.

387 1303 512 1368 Eodem
534 1325 616 1367 anno
633 1301 709 1368 Otto
724 1304 897 1389 imperator
918 1303 983 1366 iam
1004 1325 1063 1390 per
1083 1324 1183 1367 annos
1199 1312 1271 1368 octo
1286 1300 1418 1368 vinculo

305 1387 643 1452 excommunicationis
658 1410 678 1451 a
689 1387 814 1453 duobus
826 1385 1009 1473 apostolicis
1023 1386 1203 1466 innodatus,
1219 1407 1294 1450 cum
1311 1387 1418 1473 sepius

304 1471 474 1536 honoratos
496 1472 581 1535 viros
602 1493 661 1557 pro
682 1470 873 1558 inpetranda
892 1471 987 1536 venia
1007 1471 1166 1535 Romam⁶
1187 1471 1342 1554 mitteret,
1367 1469 1419 1534 sed

188 1578 243 1629 aar.
258 1566 411 1621 tutamen
438 1565 523 1620 stare
555 1556 705 1620 mandato
738 1577 847 1619 eorum
879 1576 944 1619 non
971 1556 1162 1638 admitteret,
1218 1566 1269 1621 ost
1300 1554 1419 1655 pascha

303 1639 393 1706 febre
414 1641 594 1739 corripitur.
638 1639 765 1703 Deinde
778 1640 1018 1725 ingravescente
1033 1640 1155 1721 morbo,
1177 1577 1233 1704 cii
1249 1642 1314 1706 sibr
1337 1639 1419 1703 diem

303 1726 414 1789 mortis
436 1725 591 1789 inminere
618 1724 778 1809 cognovit,
805 1724 994 1810 episcopum
1023 1723 1063 1789 de
1084 1723 1363 1789 Hiltensheimdu
1390 1732 1419 1786 et

304 1808 382 1872 alios
403 1807 569 1894 religiosos
591 1816 623 1871 et
644 1809 802 1892 sapientes
830 1809 925 1891 viros,
956 1807 1078 1873 scilicet
1106 1806 1238 1874 abbates
1262 1818 1294 1874 et
1318 1829 1418 1872 saeer-

306 1893 405 1970 dotes,
428 1900 595 1973 convocat,
621 1901 749 1956 etcum
770 1893 893 1977 gemitu
913 1901 944 1956 et
964 1891 1114 1974 lacrimis,
1137 1892 1215 1978 quid
1236 1893 1301 1958 sibi
1325 1914 1418 1976 agen·

303 1977 380 2041 dum
408 1976 505 2058 foret,
528 1975 579 2042 vel
611 1975 747 2062 qualiter
775 1998 795 2040 a
823 1975 908 2040 nodo
931 1977 1259 2041 exconmunicationis
1293 1975 1418 2042 absolvi

303 2071 421 2146 posset,
443 2059 589 2125 consulit.
632 2058 686 2123 Ad
708 2081 844 2145 quorum
872 2060 1037 2124 consilium
1065 2083 1139 2125 cum
1169 2061 1323 2126 mandato
1347 2080 1418 2145 apo-

305 2144 410 2209 stolici
431 2154 515 2209 stare
535 2145 680 2225 iurasset,
709 2145 926 2230 abepiscopo
955 2143 1140 2210 absolvitur.
1183 2144 1314 2210 Deinde
1338 2144 1416 2210 ordi·

304 2239 379 2293 nate
401 2237 590 2294 testamento
612 2249 670 2292 suo
697 2227 846 2315 factaque
873 2228 1081 2312 confessione,
1108 2251 1182 2293 cum
1209 2231 1416 2316 perceptione

305 2323 434 2378 sanctae
456 2312 689 2376 communionis
711 2321 743 2376 et
763 2333 873 2376 sacrae
895 2314 1064 2394 unctionis,
1079 2337 1153 2378 cum
1168 2335 1221 2377 ma
1244 2336 1286 2376 na
1301 2312 1415 2378 contri·

193 2397 390 2462 cassatione
423 2396 538 2478 cordis,
574 2397 607 2459 in
636 2407 738 2460 castro
772 2396 859 2483 quod
890 2395 1008 2461 dicitur
1034 2396 1203 2482 Harzberg
1221 2337 1310 2462 gIdus
1335 2397 1415 2461 Mai²

305 2482 447 2546 moritur.
502 2479 629 2567 Oorpus
663 2479 882 2544 Bruniswich⁰
915 2480 1103 2546 translatum
1136 2491 1168 2546 et
1195 2481 1415 2568 imperialibus

305 2564 499 2630 indumentis
528 2575 559 2629 et
588 2566 780 2629 ornamentis
805 2563 963 2646 indutum,
993 2567 1086 2630 iuxta
1113 2574 1236 2712 patrem
1265 2589 1361 2631 suum
1388 2571 1415 2628 et

306 2660 439 2713 matrem
461 2649 569 2712 suumr
590 2650 624 2712 in
645 2648 781 2714 ecclesia
802 2650 903 2712 sancti
925 2649 1025 2714 Blasii
1041 2672 1117 2736 sepe
1129 2651 1202 2714 itur.

241 2733 294 2774 0²⁶⁹·
389 2739 495 2790 Postss⁸³
515 2745 622 2805 captam
640 2740 774 2805 siquidem
799 2741 891 2790 turrim
910 2741 938 2790 in
957 2741 1088 2806 profundo
1113 2741 1168 2791 Nili
1193 2741 1310 2792 fluminis
1340 2743 1414 2792 sitam

306 2812 477 2878 Saphadinns
495 2815 659 2864 inveteratus
680 2813 790 2872 dierum,
810 2813 939 2864 malorum
959 2813 1061 2874 dolore,
1084 2816 1310 2879 cicatricentur,
1337 2814 1414 2865 nimio

303 2892 400 2947 tactus,
427 2886 603 2937 exheredator
626 2885 781 2937 fratruelum
810 2880 937 2938 suorumr
956 2893 982 2937 et
1006 2894 1146 2954 usurpator
1165 2903 1306 2953 regnorum
1327 2890 1413 2946 Asiae,

210 2966 255 3007 oa.
272 2966 292 3008 a.
303 2965 421 3010 mortuus
441 2966 482 3010 est
501 2967 527 3011 et
546 2959 665 3026 sepultus
684 2961 837 3011 ininferna.
875 2960 1046 3011 Postmodum
1061 2964 1090 3011 in
1106 2963 1174 3012 festo
1193 2964 1279 3012 sancti
1293 2959 1415 3028 Dyonisii

304 3033 447 3083 Sarraceni
466 3049 526 3083 oum
546 3033 661 3099 galeidis
684 3036 794 3085 armatis
813 3034 942 3100 inprovisi
958 3035 1095 3086 venientes
1119 3040 1146 3086 et
1164 3037 1296 3101 principia
1317 3041 1413 3086 castro·

304 3122 370 3169 rum,
396 3107 442 3156 ubi
460 3108 573 3158 Romani
600 3101 737 3158 tentoriah
756 3106 877 3170 fixerant,
892 3108 1059 3173 invadentes,
1085 3108 1192 3159 modica
1212 3109 1413 3160 christianorum

304 3195 384 3230 manu
407 3179 508 3246 repulsi
532 3185 603 3242 sunt,
627 3186 795 3231 recurrentes
819 3179 943 3232 celeriter
961 3182 996 3231 ad
1015 3181 1153 3247 galeidas3
1174 3188 1201 3233 et
1225 3184 1270 3248 qui
1296 3173 1413 3248 gladiosi

303 3255 520 3319 persequentium
547 3253 664 3318 effugere
693 3258 831 3320 poteraut,
862 3256 890 3304 in
916 3254 978 3305 Nilo
1004 3257 1137 3306 submersi
1164 3263 1226 3307 sunt
1251 3257 1360 3308 circiter
1382 3251 1414 3304 ad

196 3337 241 3379 oa.
259 3325 378 3379 rumille
410 3328 616 3392 quingentorum
641 3343 788 3378 numerum.
832 3328 903 3379 Sane
931 3329 958 3377 in
986 3327 1055 3380 festo
1083 3331 1172 3380 sancti
1196 3331 1339 3390 Demetrii,
1371 3327 1413 3394 qui

304 3401 423 3450 uterinus
450 3396 554 3450 fraterk
583 3400 733 3451 eiusdem
763 3401 888 3466 Dyonisii
914 3401 997 3452 fnisse
1029 3403 1136 3465 dieitur,
1165 3419 1267 3454 summo
1297 3400 1412 3454 diluculo

303 3469 531 3538 Templariomml
560 3479 648 3524 castra
673 3475 827 3524 invaserunt
853 3475 960 3538 hostes,
992 3479 1020 3524 et
1045 3476 1180 3526 modicum
1206 3476 1352 3542 dampnum
1378 3476 1413 3525 eis

304 3545 456 3610 inferentes,
475 3563 524 3614 per
543 3546 682 3613 expeditos
702 3548 806 3612 equites
825 3547 912 3612 fugati
925 3548 1034 3598 suntad
1047 3555 1164 3615 pontem,
1184 3555 1211 3599 et
1229 3550 1412 3600 adnumerum

186 3621 508 3685 transpungentem
532 3620 635 3670 ibidem
660 3621 821 3686 interempti.
867 3621 995 3672 Postea
1019 3623 1048 3672 in
1066 3621 1160 3698 vigilia
1185 3625 1271 3674 sancti
1290 3624 1413 3675 Andreae

303 3692 407 3743 multo
424 3693 640 3745 incommoda
660 3698 693 3744 et
712 3693 859 3744 adversa
886 3695 1045 3760 perpessi
1064 3701 1143 3746 sunt
1161 3694 1299 3747 fideles.
1338 3698 1412 3748 Nam

303 3766 393 3816 media
409 3771 487 3817 nocte
508 3769 688 3818 intumuerunt
700 3767 795 3818 fluctus
810 3768 897 3830 meris,
913 3773 1064 3818 crescentes
1079 3775 1106 3819 et
1117 3784 1255 3819 excursum
1268 3770 1412 3821 terribilem

303 3839 433 3890 iacientes
465 3855 550 3906 usqne
579 3839 615 3889 ad
643 3846 731 3891 castra
759 3856 859 3890 eorum.
906 3840 948 3890 Ab
974 3841 1028 3890 alia
1056 3848 1131 3908 parte
1161 3842 1257 3894 fluvius
1282 3844 1412 3895 inundans

302 3962 325 4014 a)
341 3967 430 4006 Bartol.
446 3967 492 4008 Bl.
524 3963 671 4016 1))ᾱιω102.
703 3966 725 4018 c)
733 3967 829 4007 Romam
844 3980 872 4008 m.
886 3969 981 4011 soeunda
995 3979 1013 4010 s.
1028 3967 1092 4009 XIII.
1104 3973 1156 4018 post
1169 3971 1240 4020 suppl.
1257 3972 1303 4012 Bl.
1336 3971 1359 4023 d)
1367 3969 1412 4011 Hil-

302 4023 417 4064 densseim
433 4027 477 4066 01.
509 4027 530 4079 s)
546 4026 682 4065 Brunswiob
698 4027 742 4066 01.
760 4028 779 4068 2.
810 4025 896 4077 odeat
912 4027 962 4068 Bl.
979 4025 1029 4067 08?
1060 4024 1082 4078 g)
1099 4038 1154 4076 quae
1169 4035 1290 4078 sequuntur
1305 4041 1372 4080 usque
1386 4027 1412 4067 ud

301 4093 324 4122 a.
335 4083 391 4122 1220
400 4084 448 4123 init.
457 4086 501 4124 alio
516 4089 638 4124 atramento
653 4086 746 4135 uimque,
761 4091 785 4124 ut
800 4087 891 4137 videm,
907 4097 974 4126 muna
988 4087 1111 4136 consaepto
1125 4092 1176 4126 suat
1185 4088 1231 4127 Bl.
1262 4087 1287 4140 h)
1300 4093 1339 4129 ten
1352 4089 1356 4142 Ι
1369 4093 1411 4129 ten·

301 4141 362 4180 toris
377 4142 424 4183 Bl.
480 4142 498 4195 l)
515 4144 619 4193 galeidos
635 4145 677 4184 01.
738 4142 761 4195 k)
776 4146 831 4184 deest
847 4147 889 4186 01.
904 4146 924 4186 2.
982 4143 1001 4192 1)
1017 4145 1200 4195 Hospitaliornm
1215 4149 1261 4188 cod.
1279 4148 1350 4198 Gaetu

304 4270 332 4338 1)
348 4269 513 4338 Sip'piidum.
552 4273 580 4343 2)
593 4275 685 4327 Potius
695 4276 848 4342 Metlact
861 4275 1107 4330 occalluerat.
1145 4276 1174 4344 3)
1187 4278 1410 4346 Quoesequuatur

302 4360 335 4395 ea·
349 4345 434 4397 altera
450 4345 547 4400 Oliueri
560 4348 686 4414 epistola,
707 4368 753 4416 cp.
774 4349 910 4404 Gelonium
924 4366 956 4416 p.
967 4351 1030 4401 329.
1050 4351 1130 4415 edita,
1150 4361 1237 4403 sumto
1255 4361 1317 4406 sant
1335 4367 1409 4420 aeque

301 4433 336 4468 ea
354 4417 465 4471 historio
483 4421 541 4472 cod.
562 4421 651 4489 Guelf.
671 4439 703 4475 ea
725 4425 787 4489 ipsa
799 4425 895 4490 petita,
914 4440 994 4490 quam
1018 4425 1047 4475 ia
1075 4422 1227 4492 Appendice
1257 4427 1408 4480 actitemus.
