2924 5006
295 383 347 433 172
377 383 565 436 CHRONIOA
584 384 696 436 asela
716 381 970 438 COLONIENSIS.
990 385 1092 437 CONT.
1103 385 1141 438 11.
1160 385 1193 436 A.
1208 384 1287 436 1202.
1302 384 1388 436 1203.
1457 441 1458 444 Ἴ

171 582 229 634 sq„
247 585 281 625 14,
293 551 423 637 positis,
453 552 486 614 in
520 551 601 615 festo
638 559 746 615 sancte
776 553 880 616 crucis
916 553 1060 617 Xantum
1090 553 1277 639 preteriens,
1309 552 1346 614 in
1368 553 1416 615 ira
1457 559 1458 600 l

293 645 464 720 magnast
486 635 689 700 multitudine
710 638 804 720 gravi
825 645 942 700 terram
965 638 1090 701 comitis
1111 637 1258 719 intravit,
1281 643 1416 720 postera
1457 707 1458 712 η

293 720 345 784 die
368 743 410 785 ex
430 719 550 783 iudicio
579 727 611 783 et
636 721 793 784 sententia
814 743 911 806 super
932 742 971 784 ea
992 722 1242 786 examinaturus.
1294 717 1416 784 Comes

292 825 368 869 vero
391 826 523 868 cernens
553 826 587 868 se
616 805 713 868 totius
740 804 870 868 honoris
891 825 930 867 ac
953 803 1119 890 dignitatis
1145 803 1328 869 inevitabili
1357 803 1417 866 cir-

292 886 520 953 cumvallatum
552 887 738 973 dispendio,
767 887 975 973 hominesque
1006 911 1081 952 suos
1108 899 1173 954 tam
1209 888 1276 952 vite
1314 908 1415 972 quam

292 995 399 1038 rerum
439 993 589 1070 supremo
628 969 802 1056 periclitari
836 971 1035 1055 discrimine,
1062 972 1137 1038 licet
1168 973 1308 1054 invitus,
1344 993 1416 1035 sera

291 1065 399 1122 tamen
420 1056 606 1141 penitudine
629 1055 754 1138 duetus,
770 1055 922 1122 Ottonom
944 1079 1063 1142 regem,
1079 1055 1231 1120 Adolfum
1252 1055 1414 1141 arehiepi-

292 1161 428 1227 scopum
443 1139 587 1238 aliosque
602 1141 765 1226 principes
787 1161 846 1225 pro
861 1162 941 1226 pace
963 1140 1133 1206 sollicitare
1159 1162 1256 1225 opere
1271 1141 1413 1225 pretium

292 1225 395 1290 duxit.
437 1224 518 1288 Dux
539 1232 647 1309 ltaque
670 1233 831 1288 tantorum
853 1224 1031 1310 legatorum
1054 1225 1203 1289 continua
1229 1221 1413 1309 interpella-

293 1309 379 1372 tione
400 1307 544 1393 pulsatus
567 1306 760 1394 tandemque
787 1307 941 1390 devictus,
970 1309 1093 1389 annuit,
1117 1308 1177 1372 hac
1199 1317 1308 1372 tamen
1339 1327 1413 1370 con-

293 1393 453 1473 ventione,
475 1400 510 1454 ut
531 1392 638 1476 ipsum
653 1393 804 1456 comitem
819 1392 871 1456 die
893 1392 1060 1478 designato
1083 1393 1146 1457 sibi
1171 1391 1414 1457 satisfacturum

292 1475 434 1540 Levanie
457 1474 649 1540 exhiberent
670 1499 804 1562 seseque
825 1498 884 1562 pro
906 1498 944 1541 eo
976 1476 1104 1542 obsides
1133 1498 1172 1540 ae
1203 1476 1414 1540 fideiussores
1457 1533 1458 1536 ,

262 1615 264 1618 .
293 1569 502 1646 exponerent.
537 1561 609 1639 Quo
624 1559 718 1642 facte,
734 1569 869 1708 accepta
885 1561 1054 1626 securitate
1073 1558 1304 1642 sacramentali,
1321 1579 1415 1622 arma
1457 1555 1458 1600 l

292 1663 488 1730 manumque
511 1643 664 1726 cohibuit,
686 1666 724 1708 ac
747 1644 794 1708 sic
837 1644 947 1708 imisso
970 1647 1122 1726 exercitu,
1146 1667 1215 1710 sese
1236 1645 1270 1707 in
1292 1653 1415 1708 terram
1457 1683 1458 1694 κ

292 1729 456 1814 propriam
479 1727 621 1792 contulit.
679 1729 757 1792 Post
778 1726 837 1792 hec
859 1730 971 1814 paucis
992 1729 1159 1794 transactis
1194 1728 1307 1794 diebus
1334 1727 1414 1792 Otto
1456 1749 1458 1806 ξ

292 1834 400 1877 comes
431 1821 601 1876 conmeatu
629 1811 757 1877 Ottonis
779 1813 874 1897 regis,
898 1811 1005 1877 Adolfi
1034 1813 1232 1898 archiepisco
1257 1813 1278 1894 i,
1301 1809 1414 1875 Adolfi
1457 1817 1458 1876 ἓ

293 1897 419 1960 comitis
446 1897 623 1960 Lovaniam
652 1899 797 1977 accessit,
819 1896 894 1960 duci
923 1920 958 1962 se
985 1898 1191 1983 presentavit,
1221 1836 1353 1960 obsides
1375 1915 1415 1957 ac

292 1981 495 2045 fideiussores
524 1979 670 2046 absolvit.
718 1980 804 2044 Hinc
826 1980 894 2044 dux
909 2004 966 2066 per
985 1980 1127 2044 triduum
1143 1980 1252 2046 habito
1268 1977 1413 2061 consilio,
1456 2037 1458 2062 ,

293 2065 391 2130 tercio
414 2063 544 2128 demum
567 2064 618 2128 die
641 2065 770 2128 semitas
792 2073 824 2128 et
838 2067 944 2129 exitus
958 2065 1085 2130 viarum
1107 2065 1279 2146 observari,
1301 2072 1414 2150 portas
1456 2113 1458 2136 ζ

293 2149 372 2214 seris
402 2169 439 2212 ac
468 2147 615 2212 vectibus
643 2148 815 2231 obfirmari,
843 2150 965 2214 civitati
994 2148 1156 2213 custodias
1179 2149 1327 2234 deputari
1355 2169 1413 2234 po·
1457 2163 1458 2176 ³

293 2231 469 2318 pulumque
491 2240 641 2296 cunctum
663 2233 754 2317 signo
776 2235 901 2298 notorio
924 2234 1093 2298 convocari
1114 2232 1289 2298 mandavit.
1333 2233 1414 2318 Ipsa

294 2326 388 2382 nocte
415 2315 551 2380 Adolfus
579 2316 852 2402 archiepiscopus,
879 2317 1015 2382 Adolfus
1047 2339 1164 2400 comes,
1192 2319 1301 2382 nescio
1332 2315 1413 2403 quid
1457 2385 1458 2388 Ἴ

295 2399 370 2464 mali
393 2409 448 2464 aut
470 2399 534 2464 doli
556 2402 765 2485 suspicantes,
788 2401 878 2486 equis
900 2403 1052 2482 ascensis,
1075 2424 1171 2466 cursu
1196 2401 1412 2483 velocissimo,
1456 2399 1458 2474 ᾖ

293 2483 370 2568 fuge
392 2483 533 2570 presidio
557 2506 590 2548 se
612 2483 818 2550 tradiderunt.
863 2487 1009 2566 Quorum
1031 2484 1177 2550 absentia
1199 2485 1267 2549 dux
1292 2483 1413 2566 audita,

294 2568 514 2653 indignatione
537 2569 736 2652 permaxima
763 2578 936 2654 permotus,
965 2571 999 2634 in
1032 2591 1090 2634 sua
1119 2591 1278 2656 quemque
1305 2568 1412 2632 redire
1457 2573 1458 2642 l

295 2653 449 2737 precepit,
472 2653 619 2716 comitem
640 2674 717 2717 vero
740 2654 904 2739 captivum
933 2676 1043 2719 secum
1065 2655 1204 2719 retinnit.
1259 2653 1323 2734 Qui
1345 2673 1412 2716 non
1457 2663 1458 2696 ³

294 2735 394 2800 multo
417 2745 491 2821 post
513 2737 724 2802 conventione
739 2737 824 2803 facta
839 2740 858 2803 6
874 2736 1003 2803 milibus
1019 2759 1201 2802 marearum
1216 2759 1249 2802 se
1264 2736 1411 2819 redemit,

318 2821 433 2884 ratiam
472 2818 626 2901 obtinuit,
664 2820 810 2906 adeoque
850 2822 971 2906 pariter
1010 2821 1206 2886 confederati
1250 2832 1338 2902 sunt,
1373 2831 1412 2886 ut

294 2843 379 2967 dlins
401 2903 526 2968 comitis
549 2903 773 2990 desponsatam
789 2905 850 2970 sibi
864 2905 962 2970 filiam
977 2906 1068 2970 ducis
1083 2907 1241 2992 acciperet
1255 2916 1408 2969 uxorem¹

297 3034 461 3052 ......
470 2998 493 3051 ¹¹.
542 2987 658 3053 (lomes
686 2987 867 3071 Hollandie,
897 2989 979 3056 datis
1010 2991 1194 3077 quingentis
1226 2990 1341 3054 marcis
1371 2989 1418 3053 ad

295 3082 378 3137 terre
409 3094 467 3136 sue
497 3093 561 3136 non
590 3071 716 3137 modica
743 3073 950 3158 quantitate2,
977 3073 1048 3138 loco
1080 3073 1202 3139 scilieet
1230 3075 1286 3159 qui
1314 3073 1409 3138 Mons

297 3156 414 3222 Sancte
436 3155 624 3222 Gertrudis³
646 3156 836 3243 appellatur,
859 3157 935 3224 duci
950 3159 1138 3240 contradita,
1153 3158 1340 3245 captivitate
1360 3179 1409 3222 so-

294 3240 388 3324 lutus,
410 3241 587 3305 revertitur.

533 3346 627 3406 Anno
649 3341 807 3408 dominice
828 3344 1057 3409 incarnationis
1081 3346 1172 3410 1203.

379 3425 546 3511 Lupoldus
570 3427 742 3512 episcopus
764 3448 840 3492 oum
862 3450 893 3491 m
961 3417 1082 3492 o'helli
1104 3437 1260 3576 apparatu
1281 3426 1406 3492 Italiam

295 3510 400 3576 denuo
422 3512 583 3594 ingressus
606 3521 684 3591 ests,
700 3519 893 3598 cunctaque
932 3512 1023 3576 itioni
1041 3523 1153 3598 aposto
1166 3515 1215 3576 ice
1232 3511 1408 3577 attinebant

294 3594 378 3659 ferro
401 3604 434 3658 et
455 3595 524 3679 igni
545 3593 701 3660 hostiliter
721 3594 889 3660 devastare
912 3618 947 3661 ce
972 3596 1005 3679 it,
1032 3599 1144 3660 insana
1171 3595 1330 3680 obligatus
1355 3596 1408 3661 de-

294 3677 493 3760 liberatione,
516 3679 543 3740 si
561 3677 644 3743 forte
666 3679 761 3743 minis
782 3688 814 3744 et
835 3619 1008 3746 terroribus
1031 3680 1175 3745 obtinere
1191 3680 1305 3762 valeat,
1343 3680 1406 3745 uod

294 3763 358 3826 iam
388 3762 515 3848 pridem
544 3762 695 3847 precibus
723 3786 784 3849 per
809 3765 945 3850 gratiam
973 3786 1038 3828 non
1067 3773 1202 3849 poterat.
1259 3763 1331 3844 Quo
1354 3785 1405 3828 am

295 3923 318 3978 a)
334 3927 415 3967 militis
430 3925 482 3966 cdd.
498 3925 518 3964 A
528 3926 548 3973 2,
565 3926 602 3965 abt
614 3927 683 3975 plara
698 3926 769 3964 dacem
784 3927 895 3970 videmur.

295 4075 322 4142 1)
353 4075 392 4142 Os.
417 4077 536 4128 chartam
560 4076 651 4127 datam
680 4077 792 4130 Traiecti
815 4095 901 4144 semro
920 4078 1023 4129 Mosam
1042 4074 1076 4146 (s.
1098 4075 1138 4145 d.)
1164 4095 1190 4130 a.
1209 4077 1238 4128 d.
1256 4078 1309 4130 iac.
1331 4078 1404 4140 1202,

295 4149 355 4201 Orr.
368 4148 457 4218 Guelf.
471 4149 528 4213 III,
538 4167 565 4215 p.
578 4150 639 4202 766.
678 4152 709 4219 2)
723 4152 826 4202 duobus
846 4152 953 4202 milibus
967 4167 1114 4203 marcarum
1125 4154 1195 4203 Anu.
1210 4151 1343 4220 Eqmund.
1361 4153 1378 4205 l.
1389 4152 1405 4203 l.

292 4221 321 4290 3)
338 4221 585 4345 g‚tibeartragdeahcap.
623 4222 691 4290 4)A
709 4225 833 4290 Philippo
854 4226 953 4293 legatas
967 4223 1136 4288 constitutum
1155 4245 1180 4279 a.
1197 4223 1372 4278 Wakelmana
1383 4224 1404 4289 1,

285 4313 317 4362 p.
395 4331 401 4344 .
821 4337 823 4341 ,
