2944 5002
193 367 243 417 EX
262 367 356 418 HIST.
375 366 657 419 EXPEDITIONUM
676 367 714 418 IN
733 367 881 417 TERRAM
902 365 1077 417 SANOTAM.
1140 367 1193 416 345

43 555 186 599 comes
209 534 248 601 de
262 534 358 600 Wide
379 535 412 597 in
434 537 509 599 navi
531 557 589 598 sua
611 535 690 599 duas
710 533 841 599 ferendo
863 532 1001 599 laternas
1021 557 1095 599 cum
1117 533 1270 602 duo-rara.

46 617 185 683 decim
196 618 334 683 navibus
348 619 536 704 precederet
548 628 579 684 et
590 617 943 684 comesltlollanniensis
956 619 1051 683 unica
1064 617 1195 682 lucerna

50 703 109 766 in
141 704 271 789 signum
302 705 505 802 sequentium
540 724 599 790 pro
635 701 734 767 tutela
760 703 886 768 medius
914 703 1028 789 viginti
1056 713 1195 789 quatuor

47 788 272 873 cocgonibus
301 787 540 872 adiungeretur.
585 786 727 852 Sabbato
756 789 855 873 igitur
881 789 914 850 in
943 790 1093 872 passione
1114 786 1291 862 velisrpm.

49 873 230 956 oppansis
267 871 411 937 ordinate
447 894 536 936 mare
577 871 829 936 conscendimus.
882 873 1121 957 Venientesque
1152 872 1194 937 ad

49 964 207 1042 portum
230 954 338 1038 Oadir,
372 978 480 1020 comes
502 955 542 1020 de
557 956 654 1021 Wide
676 979 695 1019 a
716 958 770 1019 via
795 967 883 1021 recta
912 956 1055 1038 devians,
1087 957 1193 1040 ipsum

53 1049 207 1126 portum
230 1050 304 1127 post
326 1039 549 1126 crepusculum
572 1062 645 1104 cum
668 1041 782 1126 paucis
804 1042 901 1106 intrat
914 1041 1061 1122 navibus,
1083 1040 1193 1126 ibique

55 1125 221 1189 caritatis
243 1146 323 1210 opus
345 1123 549 1189 laudabiliter
570 1145 732 1207 exercens,
755 1124 867 1190 fratres
883 1147 968 1207 suos,
992 1125 1048 1211 qui
1068 1126 1102 1188 in
1117 1124 1193 1190 dua·

53 1209 137 1274 bus
159 1209 297 1274 navibus
311 1208 432 1273 ibidem
448 1209 650 1294 naufragium
665 1211 752 1294 passi
770 1220 852 1290 sunt,
875 1208 954 1274 salvi
977 1219 1084 1274 tamen
1098 1210 1193 1274 rebus

61 1301 108 1358 et
132 1314 277 1379 corpore,
301 1315 374 1357 cum
402 1315 520 1378 magno
549 1291 657 1358 labore
686 1304 718 1359 et
740 1295 854 1358 timore
875 1314 1075 1380 paganorum
1102 1292 1194 1358 litora

58 1378 220 1462 undique
259 1379 455 1464 cingentium
492 1376 673 1462 colligebat.
728 1378 855 1443 interea
891 1400 998 1442 comes
1031 1377 1193 1442 Hollensis

60 1462 232 1526 maiorem
252 1473 376 1547 partem
398 1463 539 1543 navium,
574 1484 636 1547 que
663 1463 728 1526 iam
751 1465 897 1528 strictum
926 1484 1013 1527 mare
1035 1473 1193 1549 pertrans-

61 1547 190 1628 ierant,
212 1567 285 1610 cum
308 1547 419 1612 decem
441 1558 472 1611 et
496 1558 567 1610 octo
583 1545 719 1611 navibus
735 1548 922 1612 cominatur.
966 1547 1071 1611 Huius
1086 1557 1193 1612 autem

65 1631 177 1694 maris
209 1628 309 1695 latera
339 1632 469 1696 astricta
502 1642 534 1695 et
565 1630 598 1694 in
626 1631 792 1717 Europam
825 1633 996 1696 terminata
1030 1630 1192 1695 montibus

64 1713 238 1780 altissimis
261 1717 376 1780 simeas
398 1715 612 1780 nutrientibus
634 1718 871 1800 precinguntur,
903 1716 1014 1780 castris
1037 1716 1133 1781 etiam
1154 1736 1193 1780 ac

64 1798 169 1882 villis,
193 1798 297 1885 opidis
313 1811 344 1865 et
359 1799 552 1882 civitatibus,
575 1798 697 1886 Oepta¹
722 1821 848 1886 quoque
863 1798 1094 1864 mercatoribus
1116 1808 1193 1863 nota

67 1883 284 1966 decorantur3
307 1884 473 1970 longitudo
496 1885 597 1969 ipsius
611 1882 717 1948 navali
733 1906 827 1948 cursu
847 1883 1007 1948 metienda
1022 1905 1080 1948 sex
1101 1882 1191 1947 hora-

65 1990 146 2032 rum
170 1978 301 2033 ventum
332 1967 532 2055 expostulat;
561 1967 694 2033 latitudo
723 1990 798 2032 vero
828 1967 994 2032 orizuntha
1023 1967 1056 2030 in
1077 1989 1191 2053 appre-

66 2051 228 2118 hensione
249 2053 387 2118 hominis
409 2053 580 2139 equitantis
602 2050 835 2138 intelligibilem
857 2073 970 2138 parum
995 2075 1030 2116 er
1051 2051 1190 2122 excedit,

70 2135 225 2223 Cumque
240 2139 303 2202 iam
316 2139 412 2223 primi
423 2138 541 2202 marisr
556 2136 664 2201 aliud⁸
679 2159 791 2201 secura
806 2159 913 2223 puppe
929 2159 943 2200 s
980 2145 1097 2218 carent,
1115 2157 1190 2201 ecce

69 2223 138 2286 due
161 2244 259 2286 naves
280 2244 480 2308 paganorum
506 2221 641 2286 diversis
671 2221 768 2286 rebus
796 2229 925 2285 onerate
947 2243 989 2286 ex
1015 2221 1191 2305 improviso

68 2308 190 2370 nostris
224 2316 438 2372 occurrerunt.
481 2305 549 2370 Nec
581 2327 680 2388 mora,
712 2307 746 2369 in
779 2305 885 2370 hostes
916 2305 1050 2371 vertitur
1085 2327 1190 2391 prora

71 2389 189 2454 Statim
216 2414 256 2455 ue
277 2391 397 2454 inimici
421 2392 599 2476 capiuntur,
622 2401 653 2456 et
673 2413 773 2454 naves
788 2391 882 2477 aquis
904 2401 936 2454 et
957 2389 1086 2475 ignibus
1108 2389 1190 2475 peri·

69 2483 146 2538 ture
167 2413 397 2561 relinquuntur.
440 2477 615 2561 Postquam
637 2485 743 2540 autem
766 2497 808 2540 ex
827 2474 929 2561 preda
950 2483 1038 2539 tanta
1060 2473 1190 2559 exhyla-

70 2559 145 2638 rati,
168 2558 207 2624 de
230 2559 354 2623 comitis
369 2570 476 2624 tamen
498 2560 644 2625 absentia
657 2581 710 2622 ma
735 2560 761 2624 ‘s
776 2561 874 2642 anxii,
896 2559 1022 2643 longius
1037 2557 1189 2644 procede-

71 2664 191 2726 remus,
213 2659 341 2708 ventum
353 2654 401 2708 est
417 2644 459 2709 ad
478 2655 619 2708 montem
631 2645 686 2730 qui
724 2644 1187 2730 aput-Mar·tini²nunoupatur.

71 2727 118 2791 Et
145 2728 290 2813 sequenti
318 2727 383 2810 die,
419 2727 569 2794 videlicet
596 2730 629 2792 in
656 2750 735 2793 cena
763 2729 911 2811 Domini,
944 2751 999 2793 aer
1027 2727 1300 2800 sereniorique.

71 2815 233 2897 apparuit,
254 2812 356 2876 nubes
378 2824 414 2879 ut
435 2822 604 2898 argentum
625 2813 832 2898 purissimum
853 2813 935 2881 bene
957 2811 1093 2899 politum
1114 2812 1190 2876 ruti·

72 2894 192 2978 labant,
221 2907 253 2960 et
275 2917 367 2962 omne
389 2895 576 2984 vaporabile
605 2896 771 2962 inventum
801 2907 848 2962 est
869 2895 1053 2966 resolutum,
1098 2895 1190 2961 Orta-

75 3003 139 3068 que
175 2990 224 3045 est
259 2991 430 3067 tempestas
466 2981 629 3046 modernis
661 2981 814 3062 inaudita,
852 3002 914 3079 que
947 2981 1043 3044 etiam
1076 2979 1189 3045 diebus

75 3073 211 3151 quatuor
247 3067 396 3130 continue
432 3066 627 3152 perduravit.
688 3063 757 3129 Illic
794 3087 925 3128 navrum
960 3064 1061 3128 malos
1097 3085 1189 3129 ruere

74 3149 223 3231 vidimus,
246 3149 318 3214 vela
339 3151 439 3214 scissa
461 3161 492 3216 et
513 3150 602 3215 bathi
624 3151 728 3236 ruptis
758 3148 863 3213 cordis
893 3147 933 3212 de
955 3146 1092 3212 navibus
1115 3157 1190 3212 sunt

76 3232 178 3299 soluti.
211 3233 369 3298 'Minatur
397 3257 484 3299 mare
513 3244 657 3316 mortem,
690 3243 775 3298 terra
804 3234 1052 3332 circumquaque
1080 3231 1189 3297 Sarra-

77 3319 162 3382 cenis
195 3327 352 3418 occupata
383 3319 571 3404 martyrium
604 3318 819 3404 promittebat.
862 3316 967 3382 Nares
1000 3326 1109 3402 ltaque
1138 3316 1189 3379 sui

121 3401 284 3468 bernaculr
305 3401 393 3467 freno
417 3414 559 3467 carentes
588 3425 662 3467 cum
692 3401 840 3489 procellis
868 3412 959 3487 rupte
986 3409 1060 3465 sunt
1087 3409 1118 3464 et
1147 3400 1189 3464 ad

112 3508 218 3550 versos
279 3497 366 3551 ortus
403 3487 582 3573 querendos
624 3486 719 3572 longe
762 3485 888 3572 lateque
925 3493 999 3549 sunt
1034 3484 1187 3570 disperse.

77 3572 225 3635 Attamen
254 3509 443 3636 llussienses
480 3593 553 3636 cum
614 3573 701 3635 aucis
737 3570 874 3636 navibus
910 3569 953 3634 ad
988 3571 1189 3634 vocationem

78 3657 202 3742 patroni
231 3657 281 3719 sui
310 3657 396 3722 beati
419 3656 546 3738 Quirini
572 3593 771 3740 aliorumque
800 3666 983 3720 sanctorum
1008 3654 1189 3720 interventu

77 3739 161 3824 apud
181 3739 318 3824 insulam
339 3762 441 3826 prope
462 3739 611 3805 Minorke
632 3740 836 3826 Kiporoure³
858 3739 988 3820 dictam,
1012 3738 1187 3804 Sarraceno

78 3833 279 3900 monstrante,
303 3845 398 3924 quem
420 3823 550 3910 quidam
573 3824 776 3890 detinuerant
803 3825 977 3911 captivum,
1005 3832 1133 3909 portum
1154 3823 1188 3885 in

79 3930 247 3994 parasceve
268 3908 402 3973 felrciter
424 3907 579 3973 adierunt.
625 3907 843 3994 Confugerant
868 3917 973 3973 autem
996 3915 1188 3971 mercatores
1198 3935 1298 3986 Apelt.

79 3991 118 4056 ad
144 3993 281 4058 eundem
310 4002 437 4079 portum
468 3990 508 4056 ob
539 3992 673 4056 eandem
700 4015 847 4074 causam,
874 3993 930 4079 qui
958 3991 1126 4056 nobiscum
1154 3991 1188 4054 in

80 4076 128 4142 die
146 4077 266 4164 pasche
293 4076 508 4141 sacratissimo
531 4075 649 4142 Ohristi
671 4078 798 4162 corpori
827 4086 859 4141 ct
880 4099 935 4140 san
961 4076 1027 4139 uini
1049 4093 1299 4144 commu-Arest·

79 4161 230 4226 nicarunt.
275 4161 425 4227 Secunda
452 4159 559 4240 feriar,
593 4160 779 4226 ductoribus
811 4159 852 4224 ab
886 4099 1006 4225 eisdem
1038 4161 1298 4245 acceptiqemo.

81 4287 102 4342 a)
116 4289 146 4329 tta
162 4301 193 4340 o.,·
209 4290 280 4330 maris
296 4289 459 4330 altitudinem?
517 4287 541 4341 b)
557 4289 669 4329 reniero.
730 4286 751 4340 c)
767 4287 828 4329 fenix
842 4299 860 4330 c.

83 4382 109 4451 1)
127 4382 216 4436 Oeuta.
272 4386 301 4452 2)
322 4382 391 4435 Coto
406 4382 801 4436 &remeatremeat
820 4382 955 4436 Volcacio.
1013 4381 1042 4451 3)
1064 4380 1187 4444 Oebreus,

81 4467 107 4510 at
124 4456 236 4523 uidetur,
253 4475 336 4526 prope
358 4455 513 4510 Maioroam.
