<?xml version="1.0" encoding="UTF-8"?>
<!DOCTYPE html PUBLIC "-//W3C//DTD XHTML 1.0 Transitional//EN"
    "http://www.w3.org/TR/xhtml1/DTD/xhtml1-transitional.dtd">
<html xmlns="http://www.w3.org/1999/xhtml" xml:lang="en" lang="en">
 <head>
  <title>
</title>
<meta http-equiv="Content-Type" content="text/html;charset=utf-8" />
  <meta name='ocr-system' content='tesseract 3.04.00' />
  <meta name='ocr-capabilities' content='ocr_page ocr_carea ocr_par ocr_line ocrx_word'/>
</head>
<body>
  <div class='ocr_page' id='page_1' title='image "./chronicaregiaco01waitgoog_0039.png"; bbox 0 0 2942 4998; ppageno 0'>
   <div class='ocr_carea' id='block_1_1' title="bbox 332 389 1179 444">
    <p class='ocr_par' dir='ltr' id='par_1_1' title="bbox 332 389 1179 444">
     <span class='ocr_line' id='line_1_1' title="bbox 332 389 1179 444; baseline 0 -1"><span class='ocrx_word' id='word_1_1' title='bbox 332 389 519 444; x_wconf 82' lang='lat' dir='ltr'><strong>GHRONIGA</strong></span> <span class='ocrx_word' id='word_1_2' title='bbox 537 390 650 443; x_wconf 82' lang='lat' dir='ltr'><strong>REGIA</strong></span> <span class='ocrx_word' id='word_1_3' title='bbox 670 389 920 444; x_wconf 72' lang='lat' dir='ltr'><strong>communale.</strong></span> <span class='ocrx_word' id='word_1_4' title='bbox 1164 394 1179 443; x_wconf 76' lang='lat'><strong>7</strong></span> 
     </span>
    </p>
   </div>
   <div class='ocr_carea' id='block_1_2' title="bbox 1 565 1270 4304">
    <p class='ocr_par' dir='ltr' id='par_1_2' title="bbox 1 565 1270 3849">
     <span class='ocr_line' id='line_1_2' title="bbox 67 565 1179 633; baseline 0.003 -18"><span class='ocrx_word' id='word_1_5' title='bbox 67 565 127 615; x_wconf 90' lang='lat' dir='ltr'><strong>dam</strong></span> <span class='ocrx_word' id='word_1_6' title='bbox 142 566 266 628; x_wconf 87' lang='lat' dir='ltr'><strong>cisterna,</strong></span> <span class='ocrx_word' id='word_1_7' title='bbox 279 566 308 615; x_wconf 90' lang='lat' dir='ltr'><strong>in</strong></span> <span class='ocrx_word' id='word_1_8' title='bbox 321 581 375 632; x_wconf 89' lang='lat' dir='ltr'><strong>qua</strong></span> <span class='ocrx_word' id='word_1_9' title='bbox 386 581 440 616; x_wconf 92' lang='lat' dir='ltr'><strong>non</strong></span> <span class='ocrx_word' id='word_1_10' title='bbox 453 571 511 617; x_wconf 86' lang='lat' dir='ltr'><strong>erat</strong></span> <span class='ocrx_word' id='word_1_11' title='bbox 522 581 603 632; x_wconf 84' lang='lat' dir='ltr'><strong>aqua,</strong></span> <span class='ocrx_word' id='word_1_12' title='bbox 612 566 661 617; x_wconf 90' lang='lat' dir='ltr'><strong>sed</strong></span> <span class='ocrx_word' id='word_1_13' title='bbox 674 565 778 618; x_wconf 90' lang='lat' dir='ltr'><strong>ossibus</strong></span> <span class='ocrx_word' id='word_1_14' title='bbox 790 570 941 617; x_wconf 89' lang='lat' dir='ltr'><strong>sanctorum</strong></span> <span class='ocrx_word' id='word_1_15' title='bbox 954 566 1043 633; x_wconf 89' lang='lat' dir='ltr'><strong>plena,</strong></span> <span class='ocrx_word' id='word_1_16' title='bbox 1057 572 1086 619; x_wconf 88' lang='lat' dir='ltr'><strong>nt</strong></span> <span class='ocrx_word' id='word_1_17' title='bbox 1095 566 1179 618; x_wconf 90' lang='lat' dir='ltr'><strong>solem</strong></span> 
     </span>
     <span class='ocr_line' id='line_1_3' title="bbox 68 637 1180 706; baseline 0.003 -17"><span class='ocrx_word' id='word_1_18' title='bbox 68 653 210 704; x_wconf 78' lang='lat' dir='ltr'><strong>numquam</strong></span> <span class='ocrx_word' id='word_1_19' title='bbox 222 637 328 702; x_wconf 80' lang='lat' dir='ltr'><strong>viderit,</strong></span> <span class='ocrx_word' id='word_1_20' title='bbox 343 639 419 690; x_wconf 90' lang='lat' dir='ltr'><strong>stibi</strong></span> <span class='ocrx_word' id='word_1_21' title='bbox 432 638 512 690; x_wconf 85' lang='lat' dir='ltr'><strong>iidem</strong></span> <span class='ocrx_word' id='word_1_22' title='bbox 526 639 695 702; x_wconf 88' lang='lat' dir='ltr'><strong>catholicam,</strong></span> <span class='ocrx_word' id='word_1_23' title='bbox 707 640 759 690; x_wconf 91' lang='lat' dir='ltr'><strong>hoc</strong></span> <span class='ocrx_word' id='word_1_24' title='bbox 773 645 827 691; x_wconf 90' lang='lat' dir='ltr'><strong>est:</strong></span> <span class='ocrx_word' id='word_1_25' title='bbox 847 637 1008 706; x_wconf 78' lang='lat' dir='ltr'><strong>Quicumque</strong></span> <span class='ocrx_word' id='word_1_26' title='bbox 1020 641 1077 691; x_wconf 82' lang='grc'><strong>11111</strong></span> <span class='ocrx_word' id='word_1_27' title='bbox 1089 641 1180 692; x_wconf 78' lang='lat' dir='ltr'><strong>solvar</strong></span> 
     </span>
     <span class='ocr_line' id='line_1_4' title="bbox 66 712 1270 780; baseline 0.002 -17"><span class='ocrx_word' id='word_1_28' title='bbox 66 728 130 776; x_wconf 83' lang='lat' dir='ltr'><strong>cese,</strong></span> <span class='ocrx_word' id='word_1_29' title='bbox 145 714 295 779; x_wconf 80' lang='lat' dir='ltr'><strong>composuit</strong></span> <span class='ocrx_word' id='word_1_30' title='bbox 307 718 334 763; x_wconf 90' lang='grc'><strong>11</strong></span> <span class='ocrx_word' id='word_1_31' title='bbox 346 713 425 764; x_wconf 89' lang='lat' dir='ltr'><strong>beato</strong></span> <span class='ocrx_word' id='word_1_32' title='bbox 439 712 550 778; x_wconf 83' lang='lat' dir='ltr'><strong>Hylario</strong></span> <span class='ocrx_word' id='word_1_33' title='bbox 563 713 732 763; x_wconf 84' lang='lat' dir='ltr'><strong>Pictavorum</strong></span> <span class='ocrx_word' id='word_1_34' title='bbox 747 714 883 780; x_wconf 88' lang='lat' dir='ltr'><strong>episcopo,</strong></span> <span class='ocrx_word' id='word_1_35' title='bbox 903 715 948 780; x_wconf 91' lang='lat' dir='ltr'><strong>qui</strong></span> <span class='ocrx_word' id='word_1_36' title='bbox 961 730 1008 779; x_wconf 91' lang='lat' dir='ltr'><strong>pro</strong></span> <span class='ocrx_word' id='word_1_37' title='bbox 1021 713 1075 764; x_wconf 86' lang='lat' dir='ltr'><strong>fide</strong></span> <span class='ocrx_word' id='word_1_38' title='bbox 1088 714 1179 766; x_wconf 85' lang='grc'><strong>111111-</strong></span> <span class='ocrx_word' id='word_1_39' title='bbox 1194 721 1270 766; x_wconf 68' lang='lat' dir='ltr'><strong>ma</strong></span> 
     </span>
     <span class='ocr_line' id='line_1_5' title="bbox 66 785 1180 853; baseline 0.002 -17"><span class='ocrx_word' id='word_1_40' title='bbox 66 785 120 836; x_wconf 87' lang='lat' dir='ltr'><strong>lica</strong></span> <span class='ocrx_word' id='word_1_41' title='bbox 139 786 224 837; x_wconf 90' lang='lat' dir='ltr'><strong>multa</strong></span> <span class='ocrx_word' id='word_1_42' title='bbox 243 787 276 837; x_wconf 88' lang='lat' dir='ltr'><strong>ab</strong></span> <span class='ocrx_word' id='word_1_43' title='bbox 288 786 408 837; x_wconf 89' lang='lat' dir='ltr'><strong>Arrianis</strong></span> <span class='ocrx_word' id='word_1_44' title='bbox 426 801 567 853; x_wconf 89' lang='lat' dir='ltr'><strong>perpessus</strong></span> <span class='ocrx_word' id='word_1_45' title='bbox 579 785 673 848; x_wconf 83' lang='lat' dir='ltr'><strong>fuerat,</strong></span> <span class='ocrx_word' id='word_1_46' title='bbox 686 787 842 838; x_wconf 79' lang='lat' dir='ltr'><strong>transmisit.</strong></span> <span class='ocrx_word' id='word_1_47' title='bbox 871 788 956 848; x_wconf 81' lang='lat' dir='ltr'><strong>Quam</strong></span> <span class='ocrx_word' id='word_1_48' title='bbox 968 786 1040 838; x_wconf 91' lang='lat' dir='ltr'><strong>idem</strong></span> <span class='ocrx_word' id='word_1_49' title='bbox 1053 785 1180 852; x_wconf 83' lang='lat' dir='ltr'><strong>Hylarius</strong></span> 
     </span>
     <span class='ocr_line' id='line_1_6' title="bbox 66 858 1180 928; baseline 0.001 -19"><span class='ocrx_word' id='word_1_50' title='bbox 66 860 178 910; x_wconf 90' lang='lat' dir='ltr'><strong>nimium</strong></span> <span class='ocrx_word' id='word_1_51' title='bbox 197 858 361 927; x_wconf 91' lang='lat' dir='ltr'><strong>amplectens</strong></span> <span class='ocrx_word' id='word_1_52' title='bbox 381 866 408 912; x_wconf 93' lang='lat' dir='ltr'><strong>et</strong></span> <span class='ocrx_word' id='word_1_53' title='bbox 420 858 541 911; x_wconf 89' lang='lat' dir='ltr'><strong>ultimum</strong></span> <span class='ocrx_word' id='word_1_54' title='bbox 553 875 667 919; x_wconf 89' lang='lat' dir='ltr'><strong>versum,</strong></span> <span class='ocrx_word' id='word_1_55' title='bbox 686 859 714 910; x_wconf 90' lang='lat' dir='ltr'><strong>id</strong></span> <span class='ocrx_word' id='word_1_56' title='bbox 734 865 789 910; x_wconf 89' lang='lat' dir='ltr'><strong>est:</strong></span> <span class='ocrx_word' id='word_1_57' title='bbox 809 859 886 910; x_wconf 84' lang='lat' dir='ltr'><strong>Haeo</strong></span> <span class='ocrx_word' id='word_1_58' title='bbox 904 868 941 910; x_wconf 82' lang='lat' dir='ltr'><strong>eat</strong></span> <span class='ocrx_word' id='word_1_59' title='bbox 952 859 1023 928; x_wconf 80' lang='lat' dir='ltr'><strong>fides</strong></span> <span class='ocrx_word' id='word_1_60' title='bbox 1042 859 1180 921; x_wconf 82' lang='lat' dir='ltr'><strong>catholiea,</strong></span> 
     </span>
     <span class='ocr_line' id='line_1_7' title="bbox 67 931 1181 998; baseline 0.002 -15"><span class='ocrx_word' id='word_1_61' title='bbox 67 932 198 995; x_wconf 75' lang='lat' dir='ltr'><strong>adiciens,</strong></span> <span class='ocrx_word' id='word_1_62' title='bbox 209 933 311 984; x_wconf 92' lang='lat' dir='ltr'><strong>cunctis</strong></span> <span class='ocrx_word' id='word_1_63' title='bbox 321 931 447 984; x_wconf 85' lang='lat' dir='ltr'><strong>fidelibus</strong></span> <span class='ocrx_word' id='word_1_64' title='bbox 459 932 663 984; x_wconf 87' lang='lat' dir='ltr'><strong>commendavit.</strong></span> <span class='ocrx_word' id='word_1_65' title='bbox 680 934 777 983; x_wconf 83' lang='lat' dir='ltr'><strong>Fertur</strong></span> <span class='ocrx_word' id='word_1_66' title='bbox 787 934 867 984; x_wconf 90' lang='grc'><strong>111111</strong></span> <span class='ocrx_word' id='word_1_67' title='bbox 878 933 1012 998; x_wconf 83' lang='lat' dir='ltr'><strong>quoddam</strong></span> <span class='ocrx_word' id='word_1_68' title='bbox 1023 933 1181 985; x_wconf 76' lang='lat' dir='ltr'><strong>miraculum</strong></span> 
     </span>
     <span class='ocr_line' id='line_1_8' title="bbox 67 1005 1181 1072; baseline 0.002 -16"><span class='ocrx_word' id='word_1_69' title='bbox 67 1006 100 1057; x_wconf 92' lang='lat' dir='ltr'><strong>de</strong></span> <span class='ocrx_word' id='word_1_70' title='bbox 112 1005 208 1056; x_wconf 86' lang='lat' dir='ltr'><strong>eodem</strong></span> <span class='ocrx_word' id='word_1_71' title='bbox 218 1007 297 1058; x_wconf 89' lang='lat' dir='ltr'><strong>beato</strong></span> <span class='ocrx_word' id='word_1_72' title='bbox 307 1006 429 1072; x_wconf 84' lang='lat' dir='ltr'><strong>Hylario.</strong></span> <span class='ocrx_word' id='word_1_73' title='bbox 459 1007 571 1057; x_wconf 76' lang='lat' dir='ltr'><strong>Arsiana</strong></span> <span class='ocrx_word' id='word_1_74' title='bbox 583 1021 698 1072; x_wconf 89' lang='lat' dir='ltr'><strong>namque</strong></span> <span class='ocrx_word' id='word_1_75' title='bbox 712 1006 800 1058; x_wconf 89' lang='lat' dir='ltr'><strong>heresi</strong></span> <span class='ocrx_word' id='word_1_76' title='bbox 812 1023 860 1072; x_wconf 89' lang='lat' dir='ltr'><strong>per</strong></span> <span class='ocrx_word' id='word_1_77' title='bbox 873 1007 962 1056; x_wconf 89' lang='lat' dir='ltr'><strong>orbem</strong></span> <span class='ocrx_word' id='word_1_78' title='bbox 973 1005 1085 1070; x_wconf 81' lang='lat' dir='ltr'><strong>furente,</strong></span> <span class='ocrx_word' id='word_1_79' title='bbox 1096 1007 1181 1070; x_wconf 91' lang='lat' dir='ltr'><strong>multi,</strong></span> 
     </span>
     <span class='ocr_line' id='line_1_9' title="bbox 66 1074 1181 1146; baseline 0.002 -16"><span class='ocrx_word' id='word_1_80' title='bbox 66 1081 113 1146; x_wconf 90' lang='lat' dir='ltr'><strong>qui</strong></span> <span class='ocrx_word' id='word_1_81' title='bbox 143 1078 258 1131; x_wconf 88' lang='lat' dir='ltr'><strong>ecclesie</strong></span> <span class='ocrx_word' id='word_1_82' title='bbox 281 1079 458 1131; x_wconf 67' lang='lat' dir='ltr'><strong>videbantura</strong></span> <span class='ocrx_word' id='word_1_83' title='bbox 482 1093 539 1131; x_wconf 87' lang='lat' dir='ltr'><strong>csse</strong></span> <span class='ocrx_word' id='word_1_84' title='bbox 570 1080 736 1146; x_wconf 89' lang='lat' dir='ltr'><strong>columpnae,</strong></span> <span class='ocrx_word' id='word_1_85' title='bbox 759 1079 910 1131; x_wconf 88' lang='lat' dir='ltr'><strong>huiusmodi</strong></span> <span class='ocrx_word' id='word_1_86' title='bbox 936 1074 1059 1131; x_wconf 73' lang='lat' dir='ltr'><strong>venenol’</strong></span> <span class='ocrx_word' id='word_1_87' title='bbox 1086 1080 1181 1132; x_wconf 81' lang='lat' dir='ltr'><strong>infecti</strong></span> 
     </span>
     <span class='ocr_line' id='line_1_10' title="bbox 65 1151 1182 1219; baseline 0.001 -16"><span class='ocrx_word' id='word_1_88' title='bbox 65 1153 164 1205; x_wconf 89' lang='lat' dir='ltr'><strong>misere</strong></span> <span class='ocrx_word' id='word_1_89' title='bbox 184 1168 217 1203; x_wconf 89' lang='lat' dir='ltr'><strong>ac</strong></span> <span class='ocrx_word' id='word_1_90' title='bbox 237 1153 399 1219; x_wconf 79' lang='lat' dir='ltr'><strong>desipienter</strong></span> <span class='ocrx_word' id='word_1_91' title='bbox 417 1169 433 1203; x_wconf 91' lang='lat' dir='ltr'><strong>a</strong></span> <span class='ocrx_word' id='word_1_92' title='bbox 452 1152 515 1204; x_wconf 90' lang='lat' dir='ltr'><strong>fidei</strong></span> <span class='ocrx_word' id='word_1_93' title='bbox 535 1153 620 1204; x_wconf 86' lang='lat' dir='ltr'><strong>salute</strong></span> <span class='ocrx_word' id='word_1_94' title='bbox 638 1151 812 1218; x_wconf 82' lang='lat' dir='ltr'><strong>languebant,</strong></span> <span class='ocrx_word' id='word_1_95' title='bbox 831 1154 859 1203; x_wconf 91' lang='lat' dir='ltr'><strong>in</strong></span> <span class='ocrx_word' id='word_1_96' title='bbox 878 1158 980 1204; x_wconf 88' lang='lat' dir='ltr'><strong>tantum</strong></span> <span class='ocrx_word' id='word_1_97' title='bbox 1000 1159 1029 1204; x_wconf 91' lang='grc'><strong>111</strong></span> <span class='ocrx_word' id='word_1_98' title='bbox 1046 1155 1104 1219; x_wconf 89' lang='lat' dir='ltr'><strong>ipse</strong></span> <span class='ocrx_word' id='word_1_99' title='bbox 1118 1160 1182 1205; x_wconf 90' lang='lat' dir='ltr'><strong>tnnc</strong></span> 
     </span>
     <span class='ocr_line' id='line_1_11' title="bbox 65 1225 1182 1294; baseline 0.002 -18"><span class='ocrx_word' id='word_1_100' title='bbox 65 1225 326 1292; x_wconf 85' lang='lat' dir='ltr'><strong>apostolicaesedis</strong></span> <span class='ocrx_word' id='word_1_101' title='bbox 345 1242 416 1294; x_wconf 89' lang='lat' dir='ltr'><strong>papa</strong></span> <span class='ocrx_word' id='word_1_102' title='bbox 428 1225 484 1278; x_wconf 92' lang='lat' dir='ltr'><strong>Leo</strong></span> <span class='ocrx_word' id='word_1_103' title='bbox 504 1228 587 1294; x_wconf 90' lang='lat' dir='ltr'><strong>ipsius</strong></span> <span class='ocrx_word' id='word_1_104' title='bbox 605 1225 680 1292; x_wconf 90' lang='lat' dir='ltr'><strong>lepre</strong></span> <span class='ocrx_word' id='word_1_105' title='bbox 701 1226 939 1278; x_wconf 83' lang='lat' dir='ltr'><strong>commaculatione</strong></span> <span class='ocrx_word' id='word_1_106' title='bbox 958 1243 1104 1293; x_wconf 87' lang='lat' dir='ltr'><strong>respersus,</strong></span> <span class='ocrx_word' id='word_1_107' title='bbox 1124 1227 1182 1278; x_wconf 87' lang='lat' dir='ltr'><strong>veri</strong></span> 
     </span>
     <span class='ocr_line' id='line_1_12' title="bbox 65 1299 1181 1367; baseline 0.001 -18"><span class='ocrx_word' id='word_1_108' title='bbox 65 1299 203 1365; x_wconf 80' lang='lat' dir='ltr'><strong>dogmatis</strong></span> <span class='ocrx_word' id='word_1_109' title='bbox 232 1305 259 1351; x_wconf 93' lang='lat' dir='ltr'><strong>et</strong></span> <span class='ocrx_word' id='word_1_110' title='bbox 284 1301 342 1366; x_wconf 87' lang='lat' dir='ltr'><strong>ipse</strong></span> <span class='ocrx_word' id='word_1_111' title='bbox 370 1301 559 1367; x_wconf 83' lang='lat' dir='ltr'><strong>prevaricator,</strong></span> <span class='ocrx_word' id='word_1_112' title='bbox 588 1305 618 1351; x_wconf 89' lang='lat' dir='ltr'><strong>ut</strong></span> <span class='ocrx_word' id='word_1_113' title='bbox 646 1317 679 1350; x_wconf 85' lang='lat' dir='ltr'><strong>ex</strong></span> <span class='ocrx_word' id='word_1_114' title='bbox 704 1301 863 1366; x_wconf 84' lang='lat' dir='ltr'><strong>antiquitate</strong></span> <span class='ocrx_word' id='word_1_115' title='bbox 888 1299 987 1352; x_wconf 87' lang='lat' dir='ltr'><strong>relatus</strong></span> <span class='ocrx_word' id='word_1_116' title='bbox 1013 1306 1181 1361; x_wconf 88' lang='lat' dir='ltr'><strong>memoratur,</strong></span> 
     </span>
     <span class='ocr_line' id='line_1_13' title="bbox 65 1373 1181 1440; baseline 0 -16"><span class='ocrx_word' id='word_1_117' title='bbox 65 1375 204 1427; x_wconf 84' lang='lat' dir='ltr'><strong>existeret.</strong></span> <span class='ocrx_word' id='word_1_118' title='bbox 244 1373 363 1439; x_wconf 81' lang='lat' dir='ltr'><strong>Cumque</strong></span> <span class='ocrx_word' id='word_1_119' title='bbox 383 1390 474 1425; x_wconf 90' lang='lat' dir='ltr'><strong>omnes</strong></span> <span class='ocrx_word' id='word_1_120' title='bbox 493 1374 550 1424; x_wconf 82' lang='lat' dir='ltr'><strong>fere</strong></span> <span class='ocrx_word' id='word_1_121' title='bbox 570 1374 689 1440; x_wconf 87' lang='lat' dir='ltr'><strong>episcopi</strong></span> <span class='ocrx_word' id='word_1_122' title='bbox 709 1375 765 1424; x_wconf 90' lang='lat' dir='ltr'><strong>eius</strong></span> <span class='ocrx_word' id='word_1_123' title='bbox 783 1373 879 1429; x_wconf 87' lang='lat' dir='ltr'><strong>litteris</strong></span> <span class='ocrx_word' id='word_1_124' title='bbox 899 1375 1052 1425; x_wconf 90' lang='lat' dir='ltr'><strong>commoniti</strong></span> <span class='ocrx_word' id='word_1_125' title='bbox 1068 1374 1181 1425; x_wconf 86' lang='lat' dir='ltr'><strong>Romam</strong></span> 
     </span>
     <span class='ocr_line' id='line_1_14' title="bbox 64 1446 1181 1517; baseline 0.001 -20"><span class='ocrx_word' id='word_1_126' title='bbox 64 1447 208 1512; x_wconf 90' lang='lat' dir='ltr'><strong>superbis</strong></span> <span class='ocrx_word' id='word_1_127' title='bbox 227 1448 365 1498; x_wconf 80' lang='lat' dir='ltr'><strong>tractaturi</strong></span> <span class='ocrx_word' id='word_1_128' title='bbox 383 1448 527 1517; x_wconf 71' lang='grc'><strong>111111111,</strong></span> <span class='ocrx_word' id='word_1_129' title='bbox 546 1447 620 1498; x_wconf 85' lang='lat' dir='ltr'><strong>venit</strong></span> <span class='ocrx_word' id='word_1_130' title='bbox 639 1453 666 1497; x_wconf 89' lang='lat' dir='ltr'><strong>et</strong></span> <span class='ocrx_word' id='word_1_131' title='bbox 689 1447 811 1498; x_wconf 88' lang='lat' dir='ltr'><strong>dominus</strong></span> <span class='ocrx_word' id='word_1_132' title='bbox 829 1446 965 1513; x_wconf 83' lang='lat' dir='ltr'><strong>Hylarius,</strong></span> <span class='ocrx_word' id='word_1_133' title='bbox 986 1447 1108 1513; x_wconf 83' lang='lat' dir='ltr'><strong>quamvis</strong></span> <span class='ocrx_word' id='word_1_134' title='bbox 1128 1452 1181 1498; x_wconf 90' lang='grc'><strong>111-</strong></span> 
     </span>
     <span class='ocr_line' id='line_1_15' title="bbox 65 1519 1181 1582; baseline 0.001 -13"><span class='ocrx_word' id='word_1_135' title='bbox 65 1519 136 1582; x_wconf 91' lang='lat' dir='ltr'><strong>dius,</strong></span> <span class='ocrx_word' id='word_1_136' title='bbox 156 1521 237 1571; x_wconf 90' lang='lat' dir='ltr'><strong>armis</strong></span> <span class='ocrx_word' id='word_1_137' title='bbox 252 1520 437 1572; x_wconf 85' lang='lat' dir='ltr'><strong>universaliter</strong></span> <span class='ocrx_word' id='word_1_138' title='bbox 452 1523 575 1572; x_wconf 88' lang='lat' dir='ltr'><strong>munitus.</strong></span> <span class='ocrx_word' id='word_1_139' title='bbox 608 1519 685 1582; x_wconf 81' lang='lat' dir='ltr'><strong>Quod</strong></span> <span class='ocrx_word' id='word_1_140' title='bbox 699 1537 759 1572; x_wconf 88' lang='lat' dir='ltr'><strong>cum</strong></span> <span class='ocrx_word' id='word_1_141' title='bbox 773 1537 789 1570; x_wconf 94' lang='lat' dir='ltr'><strong>a</strong></span> <span class='ocrx_word' id='word_1_142' title='bbox 802 1522 945 1572; x_wconf 88' lang='lat' dir='ltr'><strong>nunciante</strong></span> <span class='ocrx_word' id='word_1_143' title='bbox 959 1520 1059 1572; x_wconf 90' lang='lat' dir='ltr'><strong>dictum</strong></span> <span class='ocrx_word' id='word_1_144' title='bbox 1073 1520 1181 1572; x_wconf 81' lang='lat' dir='ltr'><strong>fuisset:</strong></span> 
     </span>
     <span class='ocr_line' id='line_1_16' title="bbox 64 1592 1181 1661; baseline 0.002 -18"><span class='ocrx_word' id='word_1_145' title='bbox 64 1592 163 1644; x_wconf 84' lang='lat' dir='ltr'><strong>‘Adest</strong></span> <span class='ocrx_word' id='word_1_146' title='bbox 187 1593 312 1659; x_wconf 85' lang='lat' dir='ltr'><strong>Hylarius</strong></span> <span class='ocrx_word' id='word_1_147' title='bbox 339 1594 506 1645; x_wconf 88' lang='lat' dir='ltr'><strong>Pictavensis</strong></span> <span class='ocrx_word' id='word_1_148' title='bbox 538 1595 679 1660; x_wconf 88' lang='lat' dir='ltr'><strong>episcopus</strong></span> <span class='ocrx_word' id='word_1_149' title='bbox 710 1610 757 1659; x_wconf 89' lang='lat' dir='ltr'><strong>pre</strong></span> <span class='ocrx_word' id='word_1_150' title='bbox 788 1593 905 1658; x_wconf 83' lang='lat' dir='ltr'><strong>foribus&#39;,</strong></span> <span class='ocrx_word' id='word_1_151' title='bbox 930 1609 1002 1661; x_wconf 85' lang='lat' dir='ltr'><strong>papa</strong></span> <span class='ocrx_word' id='word_1_152' title='bbox 1026 1593 1100 1644; x_wconf 85' lang='lat' dir='ltr'><strong>velut</strong></span> <span class='ocrx_word' id='word_1_153' title='bbox 1122 1609 1181 1645; x_wconf 89' lang='lat' dir='ltr'><strong>sero</strong></span> 
     </span>
     <span class='ocr_line' id='line_1_17' title="bbox 65 1666 1182 1733; baseline 0.002 -17"><span class='ocrx_word' id='word_1_154' title='bbox 65 1668 196 1730; x_wconf 88' lang='lat' dir='ltr'><strong>venienti,</strong></span> <span class='ocrx_word' id='word_1_155' title='bbox 214 1668 294 1717; x_wconf 90' lang='lat' dir='ltr'><strong>immo</strong></span> <span class='ocrx_word' id='word_1_156' title='bbox 313 1669 399 1732; x_wconf 82' lang='lat' dir='ltr'><strong>magis</strong></span> <span class='ocrx_word' id='word_1_157' title='bbox 419 1667 561 1730; x_wconf 85' lang='lat' dir='ltr'><strong>catholico,</strong></span> <span class='ocrx_word' id='word_1_158' title='bbox 580 1668 746 1731; x_wconf 84' lang='lat' dir='ltr'><strong>indignatus,</strong></span> <span class='ocrx_word' id='word_1_159' title='bbox 764 1667 902 1718; x_wconf 89' lang='lat' dir='ltr'><strong>mandavit</strong></span> <span class='ocrx_word' id='word_1_160' title='bbox 922 1667 1033 1733; x_wconf 83' lang='lat' dir='ltr'><strong>synodo,</strong></span> <span class='ocrx_word' id='word_1_161' title='bbox 1052 1682 1086 1717; x_wconf 90' lang='lat' dir='ltr'><strong>ne</strong></span> <span class='ocrx_word' id='word_1_162' title='bbox 1111 1666 1182 1718; x_wconf 90' lang='lat' dir='ltr'><strong>ullus</strong></span> 
     </span>
     <span class='ocr_line' id='line_1_18' title="bbox 66 1740 1181 1807; baseline 0.002 -17"><span class='ocrx_word' id='word_1_163' title='bbox 66 1741 93 1790; x_wconf 88' lang='lat' dir='ltr'><strong>ei</strong></span> <span class='ocrx_word' id='word_1_164' title='bbox 112 1741 332 1807; x_wconf 87' lang='lat' dir='ltr'><strong>coepiscoporum</strong></span> <span class='ocrx_word' id='word_1_165' title='bbox 352 1746 503 1806; x_wconf 78' lang='lat' dir='ltr'><strong>assurgeret</strong></span> <span class='ocrx_word' id='word_1_166' title='bbox 521 1746 568 1791; x_wconf 89' lang='lat' dir='ltr'><strong>aut</strong></span> <span class='ocrx_word' id='word_1_167' title='bbox 586 1741 674 1791; x_wconf 88' lang='lat' dir='ltr'><strong>locum</strong></span> <span class='ocrx_word' id='word_1_168' title='bbox 695 1740 821 1791; x_wconf 87' lang='lat' dir='ltr'><strong>sessionis</strong></span> <span class='ocrx_word' id='word_1_169' title='bbox 840 1746 977 1792; x_wconf 87' lang='lat' dir='ltr'><strong>annueret.</strong></span> <span class='ocrx_word' id='word_1_170' title='bbox 1009 1740 1181 1792; x_wconf 87' lang='lat' dir='ltr'><strong>Prosentatus</strong></span> 
     </span>
     <span class='ocr_line' id='line_1_19' title="bbox 64 1813 1181 1880; baseline 0 -16"><span class='ocrx_word' id='word_1_171' title='bbox 64 1813 201 1879; x_wconf 87' lang='lat' dir='ltr'><strong>siqnidem</strong></span> <span class='ocrx_word' id='word_1_172' title='bbox 220 1815 260 1865; x_wconf 85' lang='lat' dir='ltr'><strong>vir</strong></span> <span class='ocrx_word' id='word_1_173' title='bbox 272 1814 325 1864; x_wconf 91' lang='lat' dir='ltr'><strong>Dei</strong></span> <span class='ocrx_word' id='word_1_174' title='bbox 339 1814 464 1878; x_wconf 88' lang='lat' dir='ltr'><strong>concilio,</strong></span> <span class='ocrx_word' id='word_1_175' title='bbox 481 1815 581 1865; x_wconf 89' lang='lat' dir='ltr'><strong>honore</strong></span> <span class='ocrx_word' id='word_1_176' title='bbox 594 1813 765 1880; x_wconf 90' lang='lat' dir='ltr'><strong>pontificatus</strong></span> <span class='ocrx_word' id='word_1_177' title='bbox 779 1829 875 1880; x_wconf 89' lang='lat' dir='ltr'><strong>papam</strong></span> <span class='ocrx_word' id='word_1_178' title='bbox 889 1815 1056 1880; x_wconf 88' lang='lat' dir='ltr'><strong>preveniens,</strong></span> <span class='ocrx_word' id='word_1_179' title='bbox 1075 1815 1181 1880; x_wconf 88' lang='lat' dir='ltr'><strong>ipsique</strong></span> 
     </span>
     <span class='ocr_line' id='line_1_20' title="bbox 65 1886 1180 1952; baseline 0 -15"><span class='ocrx_word' id='word_1_180' title='bbox 65 1892 95 1937; x_wconf 89' lang='lat' dir='ltr'><strong>et</strong></span> <span class='ocrx_word' id='word_1_181' title='bbox 123 1889 227 1938; x_wconf 87' lang='lat' dir='ltr'><strong>cunctis</strong></span> <span class='ocrx_word' id='word_1_182' title='bbox 254 1887 430 1939; x_wconf 88' lang='lat' dir='ltr'><strong>residentibus</strong></span> <span class='ocrx_word' id='word_1_183' title='bbox 460 1888 542 1938; x_wconf 89' lang='lat' dir='ltr'><strong>verba</strong></span> <span class='ocrx_word' id='word_1_184' title='bbox 566 1886 735 1938; x_wconf 86' lang='lat' dir='ltr'><strong>salutationis</strong></span> <span class='ocrx_word' id='word_1_185' title='bbox 764 1887 846 1952; x_wconf 74' lang='lat' dir='ltr'><strong>digna</strong></span> <span class='ocrx_word' id='word_1_186' title='bbox 873 1888 1022 1938; x_wconf 89' lang='lat' dir='ltr'><strong>reverentia</strong></span> <span class='ocrx_word' id='word_1_187' title='bbox 1049 1886 1180 1938; x_wconf 84' lang='lat' dir='ltr'><strong>inferens:</strong></span> 
     </span>
     <span class='ocr_line' id='line_1_21' title="bbox 64 1958 1180 2028; baseline 0.001 -19"><span class='ocrx_word' id='word_1_188' title='bbox 64 1960 181 2024; x_wconf 71' lang='grc' dir='ltr'><strong>ι111111,</strong></span> <span class='ocrx_word' id='word_1_189' title='bbox 199 1963 292 2027; x_wconf 90' lang='lat' dir='ltr'><strong>inquit.</strong></span> <span class='ocrx_word' id='word_1_190' title='bbox 326 1961 377 2012; x_wconf 85' lang='grc'><strong>011</strong></span> <span class='ocrx_word' id='word_1_191' title='bbox 388 1960 443 2024; x_wconf 89' lang='grc'><strong>1111,</strong></span> <span class='ocrx_word' id='word_1_192' title='bbox 464 1963 541 2028; x_wconf 89' lang='lat' dir='ltr'><strong>qnasi</strong></span> <span class='ocrx_word' id='word_1_193' title='bbox 554 1977 632 2026; x_wconf 88' lang='lat' dir='ltr'><strong>quem</strong></span> <span class='ocrx_word' id='word_1_194' title='bbox 646 1962 788 2026; x_wconf 74' lang='lat' dir='ltr'><strong>ignoraret,</strong></span> <span class='ocrx_word' id='word_1_195' title='bbox 807 1958 946 2023; x_wconf 89' lang='lat' dir='ltr'><strong>insultans,</strong></span> <span class='ocrx_word' id='word_1_196' title='bbox 959 1960 1058 2012; x_wconf 87' lang='lat' dir='ltr'><strong>talibus</strong></span> <span class='ocrx_word' id='word_1_197' title='bbox 1071 1976 1180 2026; x_wconf 90' lang='lat' dir='ltr'><strong>respon·</strong></span> 
     </span>
     <span class='ocr_line' id='line_1_22' title="bbox 66 2032 1181 2105; baseline 0.001 -22"><span class='ocrx_word' id='word_1_198' title='bbox 66 2033 140 2105; x_wconf 72' lang='lat' dir='ltr'><strong>disse</strong></span> <span class='ocrx_word' id='word_1_199' title='bbox 159 2034 255 2085; x_wconf 72' lang='lat' dir='ltr'><strong>fertum</strong></span> <span class='ocrx_word' id='word_1_200' title='bbox 275 2034 324 2085; x_wconf 88' lang='lat' dir='ltr'><strong>‘Tu</strong></span> <span class='ocrx_word' id='word_1_201' title='bbox 343 2050 406 2100; x_wconf 78' lang='lat' dir='ltr'><strong>ergo</strong></span> <span class='ocrx_word' id='word_1_202' title='bbox 425 2034 552 2099; x_wconf 87' lang='lat' dir='ltr'><strong>Hylarius</strong></span> <span class='ocrx_word' id='word_1_203' title='bbox 572 2033 665 2086; x_wconf 80' lang='lat' dir='ltr'><strong>Gallus</strong></span> <span class='ocrx_word' id='word_1_204' title='bbox 685 2035 741 2085; x_wconf 79' lang='lat' dir='ltr'><strong>es’?</strong></span> <span class='ocrx_word' id='word_1_205' title='bbox 779 2033 830 2084; x_wconf 93' lang='lat' dir='ltr'><strong>Ille</strong></span> <span class='ocrx_word' id='word_1_206' title='bbox 849 2050 913 2085; x_wconf 87' lang='lat' dir='ltr'><strong>vero</strong></span> <span class='ocrx_word' id='word_1_207' title='bbox 933 2033 1014 2084; x_wconf 89' lang='lat' dir='ltr'><strong>adid</strong></span> <span class='ocrx_word' id='word_1_208' title='bbox 1033 2032 1105 2100; x_wconf 89' lang='lat' dir='ltr'><strong>quod</strong></span> <span class='ocrx_word' id='word_1_209' title='bbox 1124 2038 1181 2085; x_wconf 90' lang='lat' dir='ltr'><strong>erat</strong></span> 
     </span>
     <span class='ocr_line' id='line_1_23' title="bbox 63 2106 1180 2173; baseline 0 -15"><span class='ocrx_word' id='word_1_210' title='bbox 63 2107 204 2158; x_wconf 85' lang='lat' dir='ltr'><strong>fatendum</strong></span> <span class='ocrx_word' id='word_1_211' title='bbox 234 2124 380 2160; x_wconf 89' lang='lat' dir='ltr'><strong>sermonem</strong></span> <span class='ocrx_word' id='word_1_212' title='bbox 409 2113 581 2168; x_wconf 89' lang='lat' dir='ltr'><strong>convertens,</strong></span> <span class='ocrx_word' id='word_1_213' title='bbox 611 2106 691 2158; x_wconf 90' lang='lat' dir='ltr'><strong>dixit:</strong></span> <span class='ocrx_word' id='word_1_214' title='bbox 720 2108 788 2159; x_wconf 88' lang='lat' dir='ltr'><strong>‘Non</strong></span> <span class='ocrx_word' id='word_1_215' title='bbox 815 2108 890 2170; x_wconf 89' lang='lat' dir='ltr'><strong>sum’,</strong></span> <span class='ocrx_word' id='word_1_216' title='bbox 915 2108 1016 2173; x_wconf 90' lang='lat' dir='ltr'><strong>inquit,</strong></span> <span class='ocrx_word' id='word_1_217' title='bbox 1045 2107 1180 2172; x_wconf 84' lang='lat' dir='ltr'><strong>‘Hylarius</strong></span> 
     </span>
     <span class='ocr_line' id='line_1_24' title="bbox 65 2179 1180 2247; baseline -0.002 -15"><span class='ocrx_word' id='word_1_218' title='bbox 65 2180 171 2244; x_wconf 83' lang='lat' dir='ltr'><strong>Gallus,</strong></span> <span class='ocrx_word' id='word_1_219' title='bbox 191 2181 238 2232; x_wconf 91' lang='lat' dir='ltr'><strong>sed</strong></span> <span class='ocrx_word' id='word_1_220' title='bbox 258 2181 291 2232; x_wconf 92' lang='lat' dir='ltr'><strong>de</strong></span> <span class='ocrx_word' id='word_1_221' title='bbox 312 2181 419 2233; x_wconf 86' lang='lat' dir='ltr'><strong>Gallia&#39;.</strong></span> <span class='ocrx_word' id='word_1_222' title='bbox 452 2182 519 2232; x_wconf 87' lang='lat' dir='ltr'><strong>Nam</strong></span> <span class='ocrx_word' id='word_1_223' title='bbox 538 2185 620 2247; x_wconf 84' lang='lat' dir='ltr'><strong>gente</strong></span> <span class='ocrx_word' id='word_1_224' title='bbox 638 2181 824 2246; x_wconf 82' lang='lat' dir='ltr'><strong>Aquitanicus,</strong></span> <span class='ocrx_word' id='word_1_225' title='bbox 842 2179 990 2247; x_wconf 87' lang='lat' dir='ltr'><strong>pontificali</strong></span> <span class='ocrx_word' id='word_1_226' title='bbox 1008 2197 1072 2232; x_wconf 89' lang='lat' dir='ltr'><strong>vero</strong></span> <span class='ocrx_word' id='word_1_227' title='bbox 1092 2180 1180 2246; x_wconf 83' lang='lat' dir='ltr'><strong>digni-</strong></span> 
     </span>
     <span class='ocr_line' id='line_1_25' title="bbox 64 2252 1180 2322; baseline -0.002 -17"><span class='ocrx_word' id='word_1_228' title='bbox 64 2260 123 2305; x_wconf 87' lang='lat' dir='ltr'><strong>tate</strong></span> <span class='ocrx_word' id='word_1_229' title='bbox 149 2256 316 2322; x_wconf 89' lang='lat' dir='ltr'><strong>preminebat</strong></span> <span class='ocrx_word' id='word_1_230' title='bbox 335 2254 429 2307; x_wconf 89' lang='lat' dir='ltr'><strong>Gallis.</strong></span> <span class='ocrx_word' id='word_1_231' title='bbox 468 2255 532 2306; x_wconf 90' lang='lat' dir='ltr'><strong>Acsi</strong></span> <span class='ocrx_word' id='word_1_232' title='bbox 558 2253 660 2305; x_wconf 89' lang='lat' dir='ltr'><strong>diceret</strong></span> <span class='ocrx_word' id='word_1_233' title='bbox 679 2256 716 2304; x_wconf 88' lang='lat' dir='ltr'><strong>ei:</strong></span> <span class='ocrx_word' id='word_1_234' title='bbox 740 2255 801 2304; x_wconf 86' lang='lat' dir='ltr'><strong>Non</strong></span> <span class='ocrx_word' id='word_1_235' title='bbox 819 2269 877 2305; x_wconf 89' lang='lat' dir='ltr'><strong>sum</strong></span> <span class='ocrx_word' id='word_1_236' title='bbox 897 2259 991 2304; x_wconf 90' lang='lat' dir='ltr'><strong>natura</strong></span> <span class='ocrx_word' id='word_1_237' title='bbox 1011 2253 1112 2316; x_wconf 82' lang='lat' dir='ltr'><strong>Gallus,</strong></span> <span class='ocrx_word' id='word_1_238' title='bbox 1132 2252 1180 2306; x_wconf 92' lang='lat' dir='ltr'><strong>sed</strong></span> 
     </span>
     <span class='ocr_line' id='line_1_26' title="bbox 64 2327 1180 2396; baseline 0.001 -19"><span class='ocrx_word' id='word_1_239' title='bbox 64 2327 101 2378; x_wconf 89' lang='lat' dir='ltr'><strong>de</strong></span> <span class='ocrx_word' id='word_1_240' title='bbox 122 2328 212 2380; x_wconf 85' lang='lat' dir='ltr'><strong>Gallia</strong></span> <span class='ocrx_word' id='word_1_241' title='bbox 231 2327 328 2394; x_wconf 85' lang='lat' dir='ltr'><strong>presul.</strong></span> <span class='ocrx_word' id='word_1_242' title='bbox 370 2329 406 2378; x_wconf 81' lang='lat' dir='ltr'><strong>lit</strong></span> <span class='ocrx_word' id='word_1_243' title='bbox 430 2345 501 2396; x_wconf 89' lang='lat' dir='ltr'><strong>papa</strong></span> <span class='ocrx_word' id='word_1_244' title='bbox 526 2330 608 2378; x_wconf 87' lang='lat' dir='ltr'><strong>animi</strong></span> <span class='ocrx_word' id='word_1_245' title='bbox 627 2329 715 2393; x_wconf 90' lang='lat' dir='ltr'><strong>potius</strong></span> <span class='ocrx_word' id='word_1_246' title='bbox 741 2327 950 2379; x_wconf 88' lang='lat' dir='ltr'><strong>stomachatione</strong></span> <span class='ocrx_word' id='word_1_247' title='bbox 970 2333 1104 2393; x_wconf 90' lang='lat' dir='ltr'><strong>permotus</strong></span> <span class='ocrx_word' id='word_1_248' title='bbox 1128 2328 1180 2378; x_wconf 87' lang='lat' dir='ltr'><strong>heo</strong></span> 
     </span>
     <span class='ocr_line' id='line_1_27' title="bbox 63 2400 1181 2467; baseline 0.001 -16"><span class='ocrx_word' id='word_1_249' title='bbox 63 2400 137 2452; x_wconf 75' lang='lat' dir='ltr'><strong>infite</strong></span> <span class='ocrx_word' id='word_1_250' title='bbox 157 2402 201 2452; x_wconf 84' lang='lat' dir='ltr'><strong>‘Et</strong></span> <span class='ocrx_word' id='word_1_251' title='bbox 220 2405 289 2454; x_wconf 91' lang='lat' dir='ltr'><strong>situ</strong></span> <span class='ocrx_word' id='word_1_252' title='bbox 301 2400 429 2466; x_wconf 82' lang='lat' dir='ltr'><strong>Hylarius</strong></span> <span class='ocrx_word' id='word_1_253' title='bbox 449 2402 483 2451; x_wconf 90' lang='lat' dir='ltr'><strong>de</strong></span> <span class='ocrx_word' id='word_1_254' title='bbox 503 2401 600 2461; x_wconf 88' lang='lat' dir='ltr'><strong>Gallia,</strong></span> <span class='ocrx_word' id='word_1_255' title='bbox 621 2416 671 2466; x_wconf 85' lang='lat' dir='ltr'><strong>ego</strong></span> <span class='ocrx_word' id='word_1_256' title='bbox 691 2417 748 2452; x_wconf 89' lang='lat' dir='ltr'><strong>sum</strong></span> <span class='ocrx_word' id='word_1_257' title='bbox 767 2401 824 2451; x_wconf 90' lang='lat' dir='ltr'><strong>Leo</strong></span> <span class='ocrx_word' id='word_1_258' title='bbox 844 2402 963 2452; x_wconf 85' lang='lat' dir='ltr'><strong>Romane</strong></span> <span class='ocrx_word' id='word_1_259' title='bbox 982 2401 1054 2452; x_wconf 90' lang='lat' dir='ltr'><strong>sedis</strong></span> <span class='ocrx_word' id='word_1_260' title='bbox 1074 2406 1181 2467; x_wconf 87' lang='lat' dir='ltr'><strong>aposto-</strong></span> 
     </span>
     <span class='ocr_line' id='line_1_28' title="bbox 64 2470 1180 2541; baseline 0 -17"><span class='ocrx_word' id='word_1_261' title='bbox 64 2473 135 2525; x_wconf 89' lang='lat' dir='ltr'><strong>licas</strong></span> <span class='ocrx_word' id='word_1_262' title='bbox 155 2481 183 2526; x_wconf 91' lang='lat' dir='ltr'><strong>et</strong></span> <span class='ocrx_word' id='word_1_263' title='bbox 197 2474 294 2526; x_wconf 89' lang='lat' dir='ltr'><strong>iudex&#39;.</strong></span> <span class='ocrx_word' id='word_1_264' title='bbox 320 2476 395 2526; x_wconf 86' lang='lat' dir='ltr'><strong>Tunc</strong></span> <span class='ocrx_word' id='word_1_265' title='bbox 408 2475 534 2541; x_wconf 83' lang='lat' dir='ltr'><strong>Hylarius</strong></span> <span class='ocrx_word' id='word_1_266' title='bbox 549 2475 605 2526; x_wconf 88' lang='lat' dir='ltr'><strong>eins</strong></span> <span class='ocrx_word' id='word_1_267' title='bbox 617 2476 781 2540; x_wconf 86' lang='lat' dir='ltr'><strong>pertinacem</strong></span> <span class='ocrx_word' id='word_1_268' title='bbox 794 2474 949 2540; x_wconf 82' lang='lat' dir='ltr'><strong>intelligens</strong></span> <span class='ocrx_word' id='word_1_269' title='bbox 963 2470 1180 2536; x_wconf 83' lang='lat' dir='ltr'><strong>controversiam,</strong></span> 
     </span>
     <span class='ocr_line' id='line_1_29' title="bbox 63 2546 1180 2615; baseline -0.001 -17"><span class='ocrx_word' id='word_1_270' title='bbox 63 2548 206 2614; x_wconf 88' lang='lat' dir='ltr'><strong>respondit</strong></span> <span class='ocrx_word' id='word_1_271' title='bbox 224 2549 249 2599; x_wconf 86' lang='lat' dir='ltr'><strong>ei</strong></span> <span class='ocrx_word' id='word_1_272' title='bbox 267 2565 319 2599; x_wconf 91' lang='lat' dir='ltr'><strong>non</strong></span> <span class='ocrx_word' id='word_1_273' title='bbox 339 2547 419 2600; x_wconf 90' lang='lat' dir='ltr'><strong>stulte</strong></span> <span class='ocrx_word' id='word_1_274' title='bbox 445 2548 562 2615; x_wconf 92' lang='lat' dir='ltr'><strong>quidem,</strong></span> <span class='ocrx_word' id='word_1_275' title='bbox 587 2547 635 2600; x_wconf 88' lang='lat' dir='ltr'><strong>sed</strong></span> <span class='ocrx_word' id='word_1_276' title='bbox 661 2549 807 2615; x_wconf 86' lang='lat' dir='ltr'><strong>sapienter:</strong></span> <span class='ocrx_word' id='word_1_277' title='bbox 832 2547 920 2609; x_wconf 82' lang='lat' dir='ltr'><strong>‘Quod</strong></span> <span class='ocrx_word' id='word_1_278' title='bbox 944 2549 967 2598; x_wconf 93' lang='lat' dir='ltr'><strong>si</strong></span> <span class='ocrx_word' id='word_1_279' title='bbox 992 2553 1021 2598; x_wconf 93' lang='lat' dir='ltr'><strong>tu</strong></span> <span class='ocrx_word' id='word_1_280' title='bbox 1039 2549 1105 2610; x_wconf 90' lang='lat' dir='ltr'><strong>Leo,</strong></span> <span class='ocrx_word' id='word_1_281' title='bbox 1131 2546 1180 2599; x_wconf 90' lang='lat' dir='ltr'><strong>sed</strong></span> 
     </span>
     <span class='ocr_line' id='line_1_30' title="bbox 63 2620 1180 2685; baseline 0.001 -13"><span class='ocrx_word' id='word_1_282' title='bbox 63 2637 121 2672; x_wconf 94' lang='lat' dir='ltr'><strong>non</strong></span> <span class='ocrx_word' id='word_1_283' title='bbox 141 2622 175 2672; x_wconf 91' lang='lat' dir='ltr'><strong>de</strong></span> <span class='ocrx_word' id='word_1_284' title='bbox 194 2623 264 2673; x_wconf 90' lang='lat' dir='ltr'><strong>tribu</strong></span> <span class='ocrx_word' id='word_1_285' title='bbox 283 2621 366 2685; x_wconf 81' lang='lat' dir='ltr'><strong>luda3</strong></span> <span class='ocrx_word' id='word_1_286' title='bbox 387 2628 414 2672; x_wconf 89' lang='lat' dir='ltr'><strong>et</strong></span> <span class='ocrx_word' id='word_1_287' title='bbox 433 2623 456 2672; x_wconf 90' lang='lat' dir='ltr'><strong>si</strong></span> <span class='ocrx_word' id='word_1_288' title='bbox 473 2622 596 2673; x_wconf 90' lang='lat' dir='ltr'><strong>iudicans</strong></span> <span class='ocrx_word' id='word_1_289' title='bbox 614 2621 725 2684; x_wconf 88' lang='lat' dir='ltr'><strong>resides,</strong></span> <span class='ocrx_word' id='word_1_290' title='bbox 745 2621 793 2672; x_wconf 92' lang='lat' dir='ltr'><strong>sed</strong></span> <span class='ocrx_word' id='word_1_291' title='bbox 811 2636 865 2671; x_wconf 90' lang='lat' dir='ltr'><strong>non</strong></span> <span class='ocrx_word' id='word_1_292' title='bbox 883 2623 910 2671; x_wconf 91' lang='lat' dir='ltr'><strong>in</strong></span> <span class='ocrx_word' id='word_1_293' title='bbox 929 2620 994 2672; x_wconf 90' lang='lat' dir='ltr'><strong>sede</strong></span> <span class='ocrx_word' id='word_1_294' title='bbox 1016 2621 1180 2673; x_wconf 88' lang='lat' dir='ltr'><strong>maiestatis&#39;.</strong></span> 
     </span>
     <span class='ocr_line' id='line_1_31' title="bbox 62 2694 1179 2764; baseline 0 -20"><span class='ocrx_word' id='word_1_295' title='bbox 62 2695 130 2745; x_wconf 84' lang='lat' dir='ltr'><strong>Mox</strong></span> <span class='ocrx_word' id='word_1_296' title='bbox 148 2695 194 2746; x_wconf 89' lang='lat' dir='ltr'><strong>ille</strong></span> <span class='ocrx_word' id='word_1_297' title='bbox 215 2711 274 2746; x_wconf 90' lang='lat' dir='ltr'><strong>cum</strong></span> <span class='ocrx_word' id='word_1_298' title='bbox 293 2695 486 2761; x_wconf 77' lang='lat' dir='ltr'><strong>indignatione,</strong></span> <span class='ocrx_word' id='word_1_299' title='bbox 505 2701 596 2762; x_wconf 89' lang='lat' dir='ltr'><strong>spreta</strong></span> <span class='ocrx_word' id='word_1_300' title='bbox 613 2694 687 2764; x_wconf 75' lang='lat' dir='ltr'><strong>sede,</strong></span> <span class='ocrx_word' id='word_1_301' title='bbox 705 2697 786 2745; x_wconf 92' lang='lat' dir='ltr'><strong>immo</strong></span> <span class='ocrx_word' id='word_1_302' title='bbox 805 2694 877 2745; x_wconf 90' lang='lat' dir='ltr'><strong>sedis</strong></span> <span class='ocrx_word' id='word_1_303' title='bbox 900 2694 1039 2759; x_wconf 79' lang='lat' dir='ltr'><strong>dignitate,</strong></span> <span class='ocrx_word' id='word_1_304' title='bbox 1059 2695 1179 2758; x_wconf 72' lang='lat' dir='ltr'><strong>surrexit,</strong></span> 
     </span>
     <span class='ocr_line' id='line_1_32' title="bbox 63 2767 1179 2836; baseline 0 -18"><span class='ocrx_word' id='word_1_305' title='bbox 63 2769 232 2836; x_wconf 86' lang='lat' dir='ltr'><strong>multumque</strong></span> <span class='ocrx_word' id='word_1_306' title='bbox 251 2785 365 2836; x_wconf 86' lang='lat' dir='ltr'><strong>presago</strong></span> <span class='ocrx_word' id='word_1_307' title='bbox 385 2769 497 2820; x_wconf 90' lang='lat' dir='ltr'><strong>antistiti</strong></span> <span class='ocrx_word' id='word_1_308' title='bbox 515 2771 628 2830; x_wconf 88' lang='lat' dir='ltr'><strong>minans,</strong></span> <span class='ocrx_word' id='word_1_309' title='bbox 654 2769 736 2819; x_wconf 77' lang='lat' dir='ltr'><strong>exirit</strong></span> <span class='ocrx_word' id='word_1_310' title='bbox 761 2767 866 2818; x_wconf 76' lang='lat' dir='ltr'><strong>dicensz</strong></span> <span class='ocrx_word' id='word_1_311' title='bbox 891 2767 977 2831; x_wconf 67' lang='lat' dir='ltr'><strong>‘vida</strong></span> <span class='ocrx_word' id='word_1_312' title='bbox 1004 2769 1067 2835; x_wconf 87' lang='lat' dir='ltr'><strong>qnia</strong></span> <span class='ocrx_word' id='word_1_313' title='bbox 1090 2783 1179 2819; x_wconf 85' lang='lat' dir='ltr'><strong>rever·</strong></span> 
     </span>
     <span class='ocr_line' id='line_1_33' title="bbox 63 2841 1179 2906; baseline -0.001 -13"><span class='ocrx_word' id='word_1_314' title='bbox 63 2848 126 2893; x_wconf 88' lang='grc'><strong>1111</strong></span> <span class='ocrx_word' id='word_1_315' title='bbox 144 2848 171 2893; x_wconf 89' lang='grc'><strong>11</strong></span> <span class='ocrx_word' id='word_1_316' title='bbox 192 2844 227 2893; x_wconf 94' lang='lat' dir='ltr'><strong>ab</strong></span> <span class='ocrx_word' id='word_1_317' title='bbox 246 2844 287 2894; x_wconf 94' lang='lat' dir='ltr'><strong>his</strong></span> <span class='ocrx_word' id='word_1_318' title='bbox 302 2842 412 2893; x_wconf 89' lang='lat' dir='ltr'><strong>tumidis</strong></span> <span class='ocrx_word' id='word_1_319' title='bbox 425 2841 692 2893; x_wconf 88' lang='lat' dir='ltr'><strong>sermocinationibus</strong></span> <span class='ocrx_word' id='word_1_320' title='bbox 705 2842 855 2906; x_wconf 86' lang='lat' dir='ltr'><strong>mitigatum</strong></span> <span class='ocrx_word' id='word_1_321' title='bbox 868 2841 1011 2892; x_wconf 85' lang='lat' dir='ltr'><strong>humilitati</strong></span> <span class='ocrx_word' id='word_1_322' title='bbox 1024 2841 1179 2892; x_wconf 86' lang='lat' dir='ltr'><strong>restituam&#39;.</strong></span> 
     </span>
     <span class='ocr_line' id='line_1_34' title="bbox 65 2914 1180 2982; baseline 0 -17"><span class='ocrx_word' id='word_1_323' title='bbox 65 2916 112 2965; x_wconf 88' lang='lat' dir='ltr'><strong>‘Et</strong></span> <span class='ocrx_word' id='word_1_324' title='bbox 134 2915 176 2976; x_wconf 88' lang='lat' dir='ltr'><strong>si’,</strong></span> <span class='ocrx_word' id='word_1_325' title='bbox 200 2918 287 2981; x_wconf 91' lang='lat' dir='ltr'><strong>inquit</strong></span> <span class='ocrx_word' id='word_1_326' title='bbox 311 2916 447 2982; x_wconf 82' lang='lat' dir='ltr'><strong>Hylarius,</strong></span> <span class='ocrx_word' id='word_1_327' title='bbox 472 2919 533 2966; x_wconf 89' lang='lat' dir='ltr'><strong>‘non</strong></span> <span class='ocrx_word' id='word_1_328' title='bbox 556 2914 695 2966; x_wconf 80' lang='lat' dir='ltr'><strong>redieris’?</strong></span> <span class='ocrx_word' id='word_1_329' title='bbox 724 2914 801 2977; x_wconf 79' lang='lat' dir='ltr'><strong>Quod</strong></span> <span class='ocrx_word' id='word_1_330' title='bbox 829 2920 918 2964; x_wconf 90' lang='lat' dir='ltr'><strong>autem</strong></span> <span class='ocrx_word' id='word_1_331' title='bbox 947 2916 973 2965; x_wconf 91' lang='grc'><strong>11</strong></span> <span class='ocrx_word' id='word_1_332' title='bbox 996 2914 1072 2966; x_wconf 89' lang='lat' dir='ltr'><strong>locus</strong></span> <span class='ocrx_word' id='word_1_333' title='bbox 1098 2914 1180 2980; x_wconf 79' lang='lat' dir='ltr'><strong>digne</strong></span> 
     </span>
     <span class='ocr_line' id='line_1_35' title="bbox 63 2986 1180 3058; baseline -0.002 -18"><span class='ocrx_word' id='word_1_334' title='bbox 63 2990 194 3041; x_wconf 89' lang='lat' dir='ltr'><strong>sessionis</strong></span> <span class='ocrx_word' id='word_1_335' title='bbox 214 2989 362 3054; x_wconf 86' lang='lat' dir='ltr'><strong>denegatus</strong></span> <span class='ocrx_word' id='word_1_336' title='bbox 380 2988 476 3052; x_wconf 79' lang='lat' dir='ltr'><strong>fuerat,</strong></span> <span class='ocrx_word' id='word_1_337' title='bbox 493 3005 547 3039; x_wconf 91' lang='lat' dir='ltr'><strong>non</strong></span> <span class='ocrx_word' id='word_1_338' title='bbox 565 2988 633 3039; x_wconf 91' lang='lat' dir='ltr'><strong>adeo</strong></span> <span class='ocrx_word' id='word_1_339' title='bbox 652 2989 693 3039; x_wconf 87' lang='grc'><strong>111</strong></span> <span class='ocrx_word' id='word_1_340' title='bbox 711 2989 765 3038; x_wconf 90' lang='lat' dir='ltr'><strong>Dei</strong></span> <span class='ocrx_word' id='word_1_341' title='bbox 783 2987 894 3058; x_wconf 72' lang='lat' dir='ltr'><strong>moleste</strong></span> <span class='ocrx_word' id='word_1_342' title='bbox 913 2987 981 3051; x_wconf 91' lang='lat' dir='ltr'><strong>tulit,</strong></span> <span class='ocrx_word' id='word_1_343' title='bbox 1000 2986 1050 3039; x_wconf 93' lang='lat' dir='ltr'><strong>sed</strong></span> <span class='ocrx_word' id='word_1_344' title='bbox 1067 2994 1137 3039; x_wconf 84' lang='lat' dir='ltr'><strong>terre</strong></span> <span class='ocrx_word' id='word_1_345' title='bbox 1150 3003 1180 3039; x_wconf 92' lang='lat' dir='ltr'><strong>se</strong></span> 
     </span>
     <span class='ocr_line' id='line_1_36' title="bbox 62 3059 1181 3130; baseline 0 -18"><span class='ocrx_word' id='word_1_346' title='bbox 62 3062 184 3113; x_wconf 86' lang='lat' dir='ltr'><strong>insidere</strong></span> <span class='ocrx_word' id='word_1_347' title='bbox 209 3078 319 3130; x_wconf 89' lang='lat' dir='ltr'><strong>parans,</strong></span> <span class='ocrx_word' id='word_1_348' title='bbox 346 3062 445 3114; x_wconf 82' lang='lat' dir='ltr'><strong>dixisse</strong></span> <span class='ocrx_word' id='word_1_349' title='bbox 469 3063 552 3113; x_wconf 85' lang='lat' dir='ltr'><strong>fertur</strong></span> <span class='ocrx_word' id='word_1_350' title='bbox 576 3061 688 3129; x_wconf 88' lang='lat' dir='ltr'><strong>supplex</strong></span> <span class='ocrx_word' id='word_1_351' title='bbox 713 3059 780 3112; x_wconf 90' lang='lat' dir='ltr'><strong>illud</strong></span> <span class='ocrx_word' id='word_1_352' title='bbox 808 3061 977 3127; x_wconf 81' lang='lat' dir='ltr'><strong>psalmistae:</strong></span> <span class='ocrx_word' id='word_1_353' title='bbox 1010 3059 1120 3111; x_wconf 79' lang='lat' dir='ltr'><strong>Domini</strong></span> <span class='ocrx_word' id='word_1_354' title='bbox 1143 3067 1181 3112; x_wconf 86' lang='grc'><strong>111</strong></span> 
     </span>
     <span class='ocr_line' id='line_1_37' title="bbox 63 3135 1180 3202; baseline -0.002 -16"><span class='ocrx_word' id='word_1_355' title='bbox 63 3145 140 3188; x_wconf 70' lang='lat' dir='ltr'><strong>tersa</strong></span> <span class='ocrx_word' id='word_1_356' title='bbox 164 3141 189 3187; x_wconf 86' lang='grc'><strong>11</strong></span> <span class='ocrx_word' id='word_1_357' title='bbox 205 3136 346 3202; x_wconf 78' lang='lat' dir='ltr'><strong>plenitudo</strong></span> <span class='ocrx_word' id='word_1_358' title='bbox 370 3135 434 3186; x_wconf 79' lang='grc'><strong>1111.</strong></span> <span class='ocrx_word' id='word_1_359' title='bbox 472 3135 516 3187; x_wconf 93' lang='lat' dir='ltr'><strong>Ad</strong></span> <span class='ocrx_word' id='word_1_360' title='bbox 534 3151 613 3202; x_wconf 90' lang='lat' dir='ltr'><strong>quam</strong></span> <span class='ocrx_word' id='word_1_361' title='bbox 632 3135 823 3202; x_wconf 88' lang='lat' dir='ltr'><strong>predicationis</strong></span> <span class='ocrx_word' id='word_1_362' title='bbox 841 3150 936 3185; x_wconf 86' lang='lat' dir='ltr'><strong>vocem</strong></span> <span class='ocrx_word' id='word_1_363' title='bbox 955 3136 1053 3197; x_wconf 89' lang='lat' dir='ltr'><strong>statim,</strong></span> <span class='ocrx_word' id='word_1_364' title='bbox 1072 3140 1101 3185; x_wconf 90' lang='grc'><strong>111</strong></span> <span class='ocrx_word' id='word_1_365' title='bbox 1120 3149 1180 3186; x_wconf 84' lang='grc'><strong>1111</strong></span> 
     </span>
     <span class='ocr_line' id='line_1_38' title="bbox 63 3206 1180 3276; baseline -0.003 -16"><span class='ocrx_word' id='word_1_366' title='bbox 63 3209 149 3260; x_wconf 86' lang='lat' dir='ltr'><strong>habet</strong></span> <span class='ocrx_word' id='word_1_367' title='bbox 167 3209 202 3260; x_wconf 89' lang='lat' dir='ltr'><strong>ad</strong></span> <span class='ocrx_word' id='word_1_368' title='bbox 221 3225 330 3276; x_wconf 87' lang='lat' dir='ltr'><strong>presens</strong></span> <span class='ocrx_word' id='word_1_369' title='bbox 354 3224 438 3275; x_wconf 91' lang='lat' dir='ltr'><strong>usqne</strong></span> <span class='ocrx_word' id='word_1_370' title='bbox 463 3209 599 3260; x_wconf 86' lang='lat' dir='ltr'><strong>relationis</strong></span> <span class='ocrx_word' id='word_1_371' title='bbox 623 3208 702 3271; x_wconf 82' lang='lat' dir='ltr'><strong>fama,</strong></span> <span class='ocrx_word' id='word_1_372' title='bbox 727 3209 787 3274; x_wconf 89' lang='lat' dir='ltr'><strong>ipsa</strong></span> <span class='ocrx_word' id='word_1_373' title='bbox 809 3206 889 3258; x_wconf 90' lang='lat' dir='ltr'><strong>tellus</strong></span> <span class='ocrx_word' id='word_1_374' title='bbox 914 3223 1055 3275; x_wconf 89' lang='lat' dir='ltr'><strong>erumpens</strong></span> <span class='ocrx_word' id='word_1_375' title='bbox 1077 3223 1180 3259; x_wconf 90' lang='lat' dir='ltr'><strong>sursum</strong></span> 
     </span>
     <span class='ocr_line' id='line_1_39' title="bbox 63 3280 1180 3349; baseline -0.003 -15"><span class='ocrx_word' id='word_1_376' title='bbox 63 3285 194 3345; x_wconf 83' lang='lat' dir='ltr'><strong>excrevit,</strong></span> <span class='ocrx_word' id='word_1_377' title='bbox 215 3289 295 3349; x_wconf 90' lang='lat' dir='ltr'><strong>atque</strong></span> <span class='ocrx_word' id='word_1_378' title='bbox 314 3281 389 3333; x_wconf 89' lang='lat' dir='ltr'><strong>fideli</strong></span> <span class='ocrx_word' id='word_1_379' title='bbox 407 3282 506 3333; x_wconf 80' lang='lat' dir='ltr'><strong>famulo</strong></span> <span class='ocrx_word' id='word_1_380' title='bbox 527 3282 671 3333; x_wconf 73' lang='lat' dir='ltr'><strong>christiin</strong></span> <span class='ocrx_word' id='word_1_381' title='bbox 690 3281 778 3331; x_wconf 92' lang='lat' dir='ltr'><strong>medio</strong></span> <span class='ocrx_word' id='word_1_382' title='bbox 797 3280 969 3332; x_wconf 84' lang='lat' dir='ltr'><strong>residentium</strong></span> <span class='ocrx_word' id='word_1_383' title='bbox 996 3283 1180 3347; x_wconf 89' lang='lat' dir='ltr'><strong>episcoporum</strong></span> 
     </span>
     <span class='ocr_line' id='line_1_40' title="bbox 63 3353 1180 3422; baseline -0.005 -13"><span class='ocrx_word' id='word_1_384' title='bbox 63 3372 169 3409; x_wconf 87' lang='lat' dir='ltr'><strong>sessum</strong></span> <span class='ocrx_word' id='word_1_385' title='bbox 189 3372 241 3407; x_wconf 91' lang='lat' dir='ltr'><strong>nec</strong></span> <span class='ocrx_word' id='word_1_386' title='bbox 259 3356 426 3408; x_wconf 87' lang='lat' dir='ltr'><strong>humiliorem</strong></span> <span class='ocrx_word' id='word_1_387' title='bbox 445 3357 559 3422; x_wconf 87' lang='lat' dir='ltr'><strong>prebuit.</strong></span> <span class='ocrx_word' id='word_1_388' title='bbox 596 3355 674 3417; x_wconf 82' lang='lat' dir='ltr'><strong>Quod</strong></span> <span class='ocrx_word' id='word_1_389' title='bbox 692 3355 823 3405; x_wconf 81' lang='lat' dir='ltr'><strong>universis</strong></span> <span class='ocrx_word' id='word_1_390' title='bbox 848 3360 875 3405; x_wconf 94' lang='lat' dir='ltr'><strong>et</strong></span> <span class='ocrx_word' id='word_1_391' title='bbox 898 3355 1013 3404; x_wconf 89' lang='lat' dir='ltr'><strong>maxime</strong></span> <span class='ocrx_word' id='word_1_392' title='bbox 1041 3353 1180 3404; x_wconf 87' lang='lat' dir='ltr'><strong>catholicis</strong></span> 
     </span>
     <span class='ocr_line' id='line_1_41' title="bbox 66 3425 1179 3496; baseline -0.005 -14"><span class='ocrx_word' id='word_1_393' title='bbox 66 3429 239 3496; x_wconf 84' lang='lat' dir='ltr'><strong>stupentibus</strong></span> <span class='ocrx_word' id='word_1_394' title='bbox 256 3431 453 3496; x_wconf 85' lang='lat' dir='ltr'><strong>Dominamque</strong></span> <span class='ocrx_word' id='word_1_395' title='bbox 466 3446 514 3495; x_wconf 93' lang='lat' dir='ltr'><strong>pro</strong></span> <span class='ocrx_word' id='word_1_396' title='bbox 527 3430 614 3482; x_wconf 88' lang='lat' dir='ltr'><strong>sancti</strong></span> <span class='ocrx_word' id='word_1_397' title='bbox 627 3429 720 3479; x_wconf 91' lang='lat' dir='ltr'><strong>merito</strong></span> <span class='ocrx_word' id='word_1_398' title='bbox 734 3426 913 3490; x_wconf 87' lang='lat' dir='ltr'><strong>laudantibus,</strong></span> <span class='ocrx_word' id='word_1_399' title='bbox 927 3427 1057 3478; x_wconf 86' lang='lat' dir='ltr'><strong>attollitur</strong></span> <span class='ocrx_word' id='word_1_400' title='bbox 1070 3425 1179 3486; x_wconf 88' lang='lat' dir='ltr'><strong>clamor,</strong></span> 
     </span>
     <span class='ocr_line' id='line_1_42' title="bbox 64 3499 1181 3571; baseline -0.003 -18"><span class='ocrx_word' id='word_1_401' title='bbox 64 3502 244 3571; x_wconf 87' lang='lat' dir='ltr'><strong>apostolicum</strong></span> <span class='ocrx_word' id='word_1_402' title='bbox 263 3509 348 3554; x_wconf 88' lang='lat' dir='ltr'><strong>morte</strong></span> <span class='ocrx_word' id='word_1_403' title='bbox 367 3511 523 3570; x_wconf 84' lang='lat' dir='ltr'><strong>preventum</strong></span> <span class='ocrx_word' id='word_1_404' title='bbox 543 3505 681 3568; x_wconf 90' lang='lat' dir='ltr'><strong>repentino</strong></span> <span class='ocrx_word' id='word_1_405' title='bbox 701 3501 833 3552; x_wconf 85' lang='lat' dir='ltr'><strong>defecisse</strong></span> <span class='ocrx_word' id='word_1_406' title='bbox 851 3502 968 3552; x_wconf 87' lang='lat' dir='ltr'><strong>interitu.</strong></span> <span class='ocrx_word' id='word_1_407' title='bbox 1000 3500 1069 3562; x_wconf 82' lang='lat' dir='ltr'><strong>Quid</strong></span> <span class='ocrx_word' id='word_1_408' title='bbox 1085 3499 1181 3566; x_wconf 79' lang='lat' dir='ltr'><strong>plura?</strong></span> 
     </span>
     <span class='ocr_line' id='line_1_43' title="bbox 63 3573 1180 3642; baseline -0.004 -14"><span class='ocrx_word' id='word_1_409' title='bbox 63 3577 162 3628; x_wconf 82' lang='lat' dir='ltr'><strong>Glerns</strong></span> <span class='ocrx_word' id='word_1_410' title='bbox 173 3582 373 3642; x_wconf 87' lang='lat' dir='ltr'><strong>conventusque</strong></span> <span class='ocrx_word' id='word_1_411' title='bbox 386 3576 514 3637; x_wconf 88' lang='lat' dir='ltr'><strong>turbatur,</strong></span> <span class='ocrx_word' id='word_1_412' title='bbox 528 3577 622 3627; x_wconf 88' lang='grc'><strong>1111111</strong></span> <span class='ocrx_word' id='word_1_413' title='bbox 636 3576 773 3640; x_wconf 89' lang='lat' dir='ltr'><strong>omnisque</strong></span> <span class='ocrx_word' id='word_1_414' title='bbox 786 3573 899 3641; x_wconf 89' lang='lat' dir='ltr'><strong>populus</strong></span> <span class='ocrx_word' id='word_1_415' title='bbox 908 3575 960 3625; x_wconf 93' lang='lat' dir='ltr'><strong>hoc</strong></span> <span class='ocrx_word' id='word_1_416' title='bbox 971 3576 1098 3626; x_wconf 89' lang='lat' dir='ltr'><strong>attonitus</strong></span> <span class='ocrx_word' id='word_1_417' title='bbox 1108 3573 1180 3624; x_wconf 82' lang='lat' dir='ltr'><strong>facto</strong></span> 
     </span>
     <span class='ocr_line' id='line_1_44' title="bbox 63 3645 1181 3717; baseline -0.004 -15"><span class='ocrx_word' id='word_1_418' title='bbox 63 3653 186 3702; x_wconf 84' lang='lat' dir='ltr'><strong>miratur.</strong></span> <span class='ocrx_word' id='word_1_419' title='bbox 219 3649 343 3716; x_wconf 85' lang='lat' dir='ltr'><strong>Synodus</strong></span> <span class='ocrx_word' id='word_1_420' title='bbox 356 3649 524 3715; x_wconf 81' lang='lat' dir='ltr'><strong>disiungitur,</strong></span> <span class='ocrx_word' id='word_1_421' title='bbox 544 3650 664 3717; x_wconf 90' lang='lat' dir='ltr'><strong>episcopi</strong></span> <span class='ocrx_word' id='word_1_422' title='bbox 676 3664 767 3700; x_wconf 90' lang='lat' dir='ltr'><strong>omnes</strong></span> <span class='ocrx_word' id='word_1_423' title='bbox 781 3664 840 3699; x_wconf 91' lang='lat' dir='ltr'><strong>cum</strong></span> <span class='ocrx_word' id='word_1_424' title='bbox 855 3650 1004 3700; x_wconf 87' lang='lat' dir='ltr'><strong>reverentia</strong></span> <span class='ocrx_word' id='word_1_425' title='bbox 1017 3653 1044 3700; x_wconf 85' lang='grc'><strong>11</strong></span> <span class='ocrx_word' id='word_1_426' title='bbox 1055 3645 1181 3698; x_wconf 88' lang='lat' dir='ltr'><strong>laudibus</strong></span> 
     </span>
     <span class='ocr_line' id='line_1_45' title="bbox 62 3722 1155 3790; baseline -0.005 -15"><span class='ocrx_word' id='word_1_427' title='bbox 62 3725 216 3776; x_wconf 88' lang='lat' dir='ltr'><strong>beatissimi</strong></span> <span class='ocrx_word' id='word_1_428' title='bbox 235 3724 286 3774; x_wconf 83' lang='lat' dir='ltr'><strong>viri</strong></span> <span class='ocrx_word' id='word_1_429' title='bbox 304 3722 409 3788; x_wconf 84' lang='lat' dir='ltr'><strong>Hylarii</strong></span> <span class='ocrx_word' id='word_1_430' title='bbox 429 3722 464 3774; x_wconf 91' lang='lat' dir='ltr'><strong>ad</strong></span> <span class='ocrx_word' id='word_1_431' title='bbox 482 3725 598 3790; x_wconf 90' lang='lat' dir='ltr'><strong>propria,</strong></span> <span class='ocrx_word' id='word_1_432' title='bbox 619 3723 713 3774; x_wconf 88' lang='lat' dir='ltr'><strong>erroris</strong></span> <span class='ocrx_word' id='word_1_433' title='bbox 733 3723 820 3788; x_wconf 87' lang='lat' dir='ltr'><strong>capite</strong></span> <span class='ocrx_word' id='word_1_434' title='bbox 841 3723 961 3786; x_wconf 90' lang='lat' dir='ltr'><strong>contrito,</strong></span> <span class='ocrx_word' id='word_1_435' title='bbox 980 3726 1155 3773; x_wconf 87' lang='lat' dir='ltr'><strong>revertuntur.</strong></span> 
     </span>
     <span class='ocr_line' id='line_1_46' title="bbox 1 3793 1180 3849; baseline -0.004 -1"><span class='ocrx_word' id='word_1_436' title='bbox 1 3805 2 3810; x_wconf 78' lang='grc'>’</span> <span class='ocrx_word' id='word_1_437' title='bbox 138 3799 229 3849; x_wconf 92' lang='lat' dir='ltr'><strong>Primo</strong></span> <span class='ocrx_word' id='word_1_438' title='bbox 250 3797 401 3848; x_wconf 74' lang='lat' dir='ltr'><strong>Constantii</strong></span> <span class='ocrx_word' id='word_1_439' title='bbox 421 3812 491 3848; x_wconf 91' lang='lat' dir='ltr'><strong>anno</strong></span> <span class='ocrx_word' id='word_1_440' title='bbox 508 3796 624 3847; x_wconf 87' lang='lat' dir='ltr'><strong>Iacobus</strong></span> <span class='ocrx_word' id='word_1_441' title='bbox 646 3822 677 3833; x_wconf 92' lang='lat'><em>-</em></span> <span class='ocrx_word' id='word_1_442' title='bbox 697 3823 734 3832; x_wconf 98' lang='lat'>-</span> <span class='ocrx_word' id='word_1_443' title='bbox 752 3797 862 3847; x_wconf 91' lang='lat' dir='ltr'><strong>moritur</strong></span> <span class='ocrx_word' id='word_1_444' title='bbox 879 3811 948 3847; x_wconf 88' lang='lat' dir='ltr'><strong>anno</strong></span> <span class='ocrx_word' id='word_1_445' title='bbox 971 3797 1049 3847; x_wconf 91' lang='lat' dir='ltr'><strong>etatis</strong></span> <span class='ocrx_word' id='word_1_446' title='bbox 1068 3809 1115 3846; x_wconf 87' lang='lat' dir='ltr'><strong>sue</strong></span> <span class='ocrx_word' id='word_1_447' title='bbox 1134 3793 1180 3844; x_wconf 79' lang='lat'><strong>45.</strong></span> 
     </span>
    </p>

    <p class='ocr_par' dir='ltr' id='par_1_3' title="bbox 63 3940 1180 4086">
     <span class='ocr_line' id='line_1_47' title="bbox 139 3940 1180 4011; baseline -0.005 -16"><span class='ocrx_word' id='word_1_448' title='bbox 139 3945 173 3995; x_wconf 87' lang='lat' dir='ltr'><strong>A.</strong></span> <span class='ocrx_word' id='word_1_449' title='bbox 194 3942 219 3995; x_wconf 90' lang='lat' dir='ltr'><strong>d.</strong></span> <span class='ocrx_word' id='word_1_450' title='bbox 238 3945 257 3993; x_wconf 89' lang='lat' dir='ltr'><strong>i.</strong></span> <span class='ocrx_word' id='word_1_451' title='bbox 277 3943 339 4006; x_wconf 85' lang='grc'><strong>364,</strong></span> <span class='ocrx_word' id='word_1_452' title='bbox 357 3944 391 3994; x_wconf 90' lang='lat' dir='ltr'><strong>U.</strong></span> <span class='ocrx_word' id='word_1_453' title='bbox 409 3959 473 3995; x_wconf 84' lang='lat' dir='ltr'><strong>vero</strong></span> <span class='ocrx_word' id='word_1_454' title='bbox 494 3941 615 3995; x_wconf 79' lang='grc'><strong>11116.</strong></span> <span class='ocrx_word' id='word_1_455' title='bbox 637 3942 766 3993; x_wconf 77' lang='lat' dir='ltr'><strong>Claudius</strong></span> <span class='ocrx_word' id='word_1_456' title='bbox 785 3942 904 3994; x_wconf 87' lang='lat' dir='ltr'><strong>Iulianus</strong></span> <span class='ocrx_word' id='word_1_457' title='bbox 925 3969 958 3980; x_wconf 90' lang='lat'>-</span> <span class='ocrx_word' id='word_1_458' title='bbox 981 3970 1011 3982; x_wconf 89' lang='lat'><em>-</em></span> <span class='ocrx_word' id='word_1_459' title='bbox 1033 3940 1180 4011; x_wconf 72' lang='lat' dir='ltr'><strong>declinaret</strong></span> 
     </span>
     <span class='ocr_line' id='line_1_48' title="bbox 63 4014 347 4086; baseline -0.004 -17"><span class='ocrx_word' id='word_1_460' title='bbox 63 4017 245 4086; x_wconf 83' lang='lat' dir='ltr'><strong>imperatoris.</strong></span> <span class='ocrx_word' id='word_1_461' title='bbox 283 4014 347 4068; x_wconf 76' lang='lat' dir='ltr'><strong>ibid.</strong></span> 
     </span>
    </p>

    <p class='ocr_par' dir='ltr' id='par_1_4' title="bbox 63 4087 1179 4230">
     <span class='ocr_line' id='line_1_49' title="bbox 139 4087 1179 4156; baseline -0.005 -14"><span class='ocrx_word' id='word_1_462' title='bbox 139 4091 220 4142; x_wconf 87' lang='lat' dir='ltr'><strong>Haec</strong></span> <span class='ocrx_word' id='word_1_463' title='bbox 239 4089 364 4156; x_wconf 90' lang='lat' dir='ltr'><strong>squidem</strong></span> <span class='ocrx_word' id='word_1_464' title='bbox 389 4090 507 4141; x_wconf 84' lang='lat' dir='ltr'><strong>faciebat</strong></span> <span class='ocrx_word' id='word_1_465' title='bbox 529 4105 577 4156; x_wconf 93' lang='lat' dir='ltr'><strong>pro</strong></span> <span class='ocrx_word' id='word_1_466' title='bbox 602 4090 696 4141; x_wconf 87' lang='lat' dir='ltr'><strong>timore</strong></span> <span class='ocrx_word' id='word_1_467' title='bbox 722 4117 756 4126; x_wconf 93' lang='lat'>-</span> <span class='ocrx_word' id='word_1_468' title='bbox 778 4117 812 4127; x_wconf 94' lang='lat'><em>-</em></span> <span class='ocrx_word' id='word_1_469' title='bbox 836 4088 1022 4141; x_wconf 86' lang='lat' dir='ltr'><strong>abrenunciari</strong></span> <span class='ocrx_word' id='word_1_470' title='bbox 1050 4087 1179 4139; x_wconf 89' lang='lat' dir='ltr'><strong>ecclesia·</strong></span> 
     </span>
     <span class='ocr_line' id='line_1_50' title="bbox 63 4162 464 4230; baseline -0.007 -13"><span class='ocrx_word' id='word_1_471' title='bbox 63 4167 151 4217; x_wconf 87' lang='lat' dir='ltr'><strong>sticae</strong></span> <span class='ocrx_word' id='word_1_472' title='bbox 170 4164 339 4230; x_wconf 81' lang='lat' dir='ltr'><strong>professioni.</strong></span> <span class='ocrx_word' id='word_1_473' title='bbox 376 4162 464 4214; x_wconf 74' lang='lat' dir='ltr'><strong>Laod.</strong></span> 
     </span>
    </p>

    <p class='ocr_par' dir='ltr' id='par_1_5' title="bbox 137 4233 1128 4304">
     <span class='ocr_line' id='line_1_51' title="bbox 137 4233 1128 4304; baseline -0.005 -14"><span class='ocrx_word' id='word_1_474' title='bbox 137 4239 207 4290; x_wconf 91' lang='lat' dir='ltr'><strong>Post</strong></span> <span class='ocrx_word' id='word_1_475' title='bbox 224 4238 277 4289; x_wconf 92' lang='lat' dir='ltr'><strong>hec</strong></span> <span class='ocrx_word' id='word_1_476' title='bbox 295 4245 397 4289; x_wconf 90' lang='lat' dir='ltr'><strong>mortuo</strong></span> <span class='ocrx_word' id='word_1_477' title='bbox 417 4237 572 4292; x_wconf 79' lang='lat' dir='ltr'><strong>Constantio</strong></span> <span class='ocrx_word' id='word_1_478' title='bbox 593 4264 627 4275; x_wconf 94' lang='lat'>-</span> <span class='ocrx_word' id='word_1_479' title='bbox 648 4264 682 4275; x_wconf 90' lang='lat'><strong>—-</strong></span> <span class='ocrx_word' id='word_1_480' title='bbox 701 4236 777 4289; x_wconf 89' lang='lat' dir='ltr'><strong>multi</strong></span> <span class='ocrx_word' id='word_1_481' title='bbox 797 4237 904 4304; x_wconf 90' lang='lat' dir='ltr'><strong>decepti</strong></span> <span class='ocrx_word' id='word_1_482' title='bbox 922 4240 991 4287; x_wconf 91' lang='lat' dir='ltr'><strong>sunt.</strong></span> <span class='ocrx_word' id='word_1_483' title='bbox 1028 4233 1128 4286; x_wconf 72' lang='lat' dir='ltr'><strong>neser.</strong></span> 
     </span>
    </p>
   </div>
   <div class='ocr_carea' id='block_1_3' title="bbox 65 4403 612 4458">
    <p class='ocr_par' dir='ltr' id='par_1_6' title="bbox 65 4403 612 4458">
     <span class='ocr_line' id='line_1_52' title="bbox 65 4403 612 4458; baseline 0 -12"><span class='ocrx_word' id='word_1_484' title='bbox 65 4403 88 4458; x_wconf 84' lang='lat' dir='ltr'><strong>a)</strong></span> <span class='ocrx_word' id='word_1_485' title='bbox 103 4407 247 4448; x_wconf 78' lang='lat' dir='ltr'><strong>videbantur</strong></span> <span class='ocrx_word' id='word_1_486' title='bbox 261 4406 286 4446; x_wconf 86' lang='lat' dir='ltr'><strong>vi</strong></span> <span class='ocrx_word' id='word_1_487' title='bbox 301 4407 321 4445; x_wconf 87' lang='lat' dir='ltr'><em>B</em></span> <span class='ocrx_word' id='word_1_488' title='bbox 336 4407 357 4448; x_wconf 88' lang='lat'><strong>1.</strong></span> <span class='ocrx_word' id='word_1_489' title='bbox 420 4403 444 4457; x_wconf 88' lang='lat' dir='ltr'><strong>h)</strong></span> <span class='ocrx_word' id='word_1_490' title='bbox 459 4407 544 4447; x_wconf 84' lang='grc'><strong>111111</strong></span> <span class='ocrx_word' id='word_1_491' title='bbox 560 4407 580 4445; x_wconf 85' lang='grc' dir='ltr'><em>Β</em></span> <span class='ocrx_word' id='word_1_492' title='bbox 591 4407 612 4451; x_wconf 91' lang='grc'><strong>1,</strong></span> 
     </span>
    </p>
   </div>
   <div class='ocr_carea' id='block_1_4' title="bbox 0 0 1476 4998">
    <p class='ocr_par' dir='ltr' id='par_1_7' title="bbox 0 0 1476 4998">
     <span class='ocr_line' id='line_1_53' title="bbox 0 0 1476 4998; baseline 0 0"><span class='ocrx_word' id='word_1_493' title='bbox 0 0 1476 4998; x_wconf 95' lang='lat' dir='ltr'><strong> </strong></span> 
     </span>
    </p>
   </div>
  </div>
 </body>
</html>
