2942 4998
341 415 376 465 28
495 415 685 467 OHRONICA
703 413 816 468 anuis
837 416 1080 469 COLONIENSIS
1099 418 1131 468 A.
1152 418 1311 471 sss-962.

341 581 490 664 decessit,
515 584 571 669 qui
592 585 633 648 29
655 582 794 668 prefuit·
816 586 918 647 annis.
962 584 1063 648 Porro
1086 583 1256 650 destitutus
1278 585 1452 672 populusll

341 667 411 751 pari
426 665 662 731 deliberacione
677 668 710 730 in
731 669 836 731 virum
850 667 985 732 Domini
998 668 1195 752 Brunonem,
1217 670 1356 736 fratrem
1379 673 1453 755 regis,

341 751 512 835 conspirat,
536 773 631 836 quem
651 753 757 815 missis
778 750 974 836 primoribus
997 751 1130 818 ecclesie
1152 755 1254 838 ipsius
1284 756 1415 840 expetit
1433 761 1453 818 et

340 835 501 920 impetrat.
555 835 621 915 Qui
656 856 813 900 consensu
844 836 930 983 repis
963 845 994 901 et
1024 837 1207 924 principum
1236 861 1312 902 cum
1345 859 1452 902 sumno

340 919 451 982 favore
473 929 505 983 et
519 918 668 984 laudibus
683 921 827 983 omnium
841 920 874 982 vi
897 927 971 985 uate
986 920 1137 986 cathedre
1152 923 1380 1005 intronizatus,
1400 923 1452 1008 quir

340 1012 546 1149 quantusque
567 1003 671 1084 fuerit,
694 1002 799 1067 adhuc
821 1004 1018 1068 monimenta
1045 1006 1078 1068 vi
1104 1005 1215 1070 'lancie
1242 1007 1315 1071 eius
1345 1009 1383 1070 in
1407 1006 1452 1070 edi-

364 1088 423 1150 ciis
444 1097 477 1151 et
499 1097 611 1151 ornatu
633 1085 862 1152 aecclesiarum
883 1087 994 1152 videre
1016 1087 1077 1155 lice
1101 1090 1136 1154 it.

277 1185 330 1227 rua.
416 1178 458 1226 17.
496 1178 529 1228 Α.
550 1179 584 1229 D.
605 1178 667 1228 954.
705 1178 820 1244 Ungarii
838 1178 975 1229 Ytaliam⁰
994 1186 1097 1245 petunt,
1119 1181 1244 1231 Noricam
1265 1187 1294 1232 et
1313 1183 1451 1232 Francian.

417 1249 459 1300 18.
497 1251 531 1301 A.
550 1252 585 1305 D.
604 1251 667 1302 955.
704 1252 817 1318 Ungarii
835 1256 918 1302 totam
931 1253 1084 1303 Baioariam
1101 1252 1305 1321 depopulantes,
1326 1258 1405 1306 iuxta
1414 1256 1451 1304 lr-

340 1329 446 1389 gustam
465 1323 624 1375 Alemannis
649 1325 740 1374 urbem
765 1325 799 1374 ab
820 1326 918 1376 Ottone
944 1341 1009 1391 rege
1035 1342 1126 1392 pugna
1149 1329 1215 1378 victi
1238 1330 1378 1380 immensa
1403 1327 1451 1378 cele

341 1401 480 1448 necantur.

416 1471 458 1520 19.
496 1470 529 1521 Α.
542 1471 577 1521 D.
592 1470 652 1519 956.
685 1470 815 1520 Ludolfus
830 1470 883 1521 dux
896 1470 1003 1522 Italiam
1023 1471 1155 1524 hostiliter
1174 1475 1294 1525 intrarit.

415 1541 459 1594 20.
497 1543 528 1594 Δ.
542 1544 576 1593 D.
590 1544 653 1593 957.
685 1543 816 1594 Ludolfus
831 1543 884 1594 dux
897 1543 1209 1610 Adelbertum,filium
1223 1541 1450 1614 Berengariil,

340 1617 414 1675 vicit,
436 1621 463 1666 et
481 1617 538 1682 ipse
559 1615 654 1667 eodem
675 1632 743 1667 anuo
763 1619 899 1668 moriture.

416 1690 460 1740 21.
498 1691 530 1740 A.
551 1691 585 1739 D.
606 1689 669 1741 958.
710 1690 810 1741 Cruces
829 1692 857 1740 in
875 1690 994 1742 restibus
1014 1692 1150 1743 hominnm
1170 1701 1365 1759 apparuerunt.

414 1763 459 1812 ib.
497 1762 670 1812 eliaca.
708 1763 991 1830 PostAgapitum
1016 1781 1137 1830 papam
1165 1767 1265 1816 Rome
1286 1765 1450 1818 Iohannes

341 1830 447 1904 [ulus]
468 1838 654 1888 successit.
731 1838 793 1888 Otto
813 1853 859 1886 rex
885 1839 997 1888 Romam
1021 1841 1095 1889 venit
1114 1845 1210 1904 rogatu
1228 1840 1449 1892 Romanorum

340 1919 433 1961 contra
457 1911 655 1976 Beringarium,
681 1910 773 1976 ibique
797 1911 941 1976 imperator
965 1911 1085 1974 effectus,
1112 1912 1254 1962 eundem
1274 1914 1450 1979 Beringarirn

340 1986 414 2050 capit
433 1988 460 2033 et
480 1999 541 2033 cum
563 1986 678 2048 coniuge
698 1999 747 2034 sua
767 1983 800 2032 ad
822 1983 962 2034 castellum
980 1984 1165 2050 Babenbergss
1184 1987 1263 2048 misit,
1287 1987 1386 2053 ibique
1406 2001 1449 2053 pre·

265 2063 442 2114 'massuram
461 2058 545 2106 vitam
566 2056 670 2107 clausit.
709 2055 855 2119 Quidam
875 2051 1030 2121 dicunt*,
1056 2059 1305 2124 imperatorem
1324 2061 1448 2111 Roman

339 2132 478 2181 venisse
503 2135 626 2194 rogatu
645 2131 803 2195 predicti
821 2146 909 2196 pape
934 2130 1118 2194 Iohannis,
1145 2133 1202 2197 qui
1229 2137 1260 2184 et
1279 2134 1448 2185 Octavius

341 2203 407 2252 Sed
425 2203 490 2253 hee
510 2201 752 2268 discrepantia
770 2203 962 2254 relatorum
986 2203 1231 2256 diversitatem
1258 2211 1289 2256 et
1309 2221 1449 2258 erroren

339 2277 375 2326 in
400 2275 578 2326 chronicis
604 2281 747 2340 generat
771 2292 867 2343 quam
893 2278 1086 2328 maximum..
1124 2279 1246 2328 Verum
1270 2279 1449 2331 secundun

197 2343 447 2412 'Oat.ponr,alior*
466 2347 553 2398 idem
572 2348 747 2400 Iohannes
773 2349 933 2415 indignis
958 2350 1154 2402 sceleribus
1181 2351 1345 2402 officium
1373 2367 1447 2405 suun

340 2421 596 2486 dehonestans,
612 2424 721 2488 ipsum
739 2425 985 2489 imperatorem
999 2424 1134 2474 Romam
1153 2426 1372 2490 venientem,
1391 2441 1447 2476 con-

339 2497 496 2547 scientia
515 2510 550 2545 se
570 2500 740 2558 terrente,
760 2496 944 2547 metuendo
959 2496 1134 2563 Campaniam
1153 2499 1245 2563 peciit,
1264 2499 1361 2564 ibique
1378 2496 1448 2550 insil-

338 2569 380 2618 vis
405 2567 493 2632 latuit,
512 2584 560 2635 pro
580 2585 633 2634 quo
651 2569 708 2620 Leo
722 2569 801 2620 VIII.
821 2570 854 2618 ab
874 2571 1034 2636 imperatore
1048 2571 1226 2622 Romanorum
1247 2587 1385 2624 consensu
1404 2587 1448 2622 con·

339 2643 446 2692 stitutus
466 2646 493 2691 et
512 2639 657 2702 ordinatus,
677 2657 730 2692 non
749 2658 774 2692 m
794 2641 832 2693 lto
851 2649 920 2709 post,
941 2659 972 2693 eo
992 2642 1145 2706 recedente,
1170 2651 1211 2696 est
1236 2645 1375 2710 expulsus.
1412 2644 1448 2707 Qu

340 2730 373 2764 ex
391 2713 464 2765 Urbe
483 2714 598 2779 lugiens,
624 2716 652 2765 in
677 2721 766 2781 partes
787 2715 823 2782 Sp
870 2717 891 2767 ti
914 2716 949 2765 ad
974 2717 1161 2783 imperatorem
1186 2719 1267 2782 venit,
1293 2735 1413 2786 suasque
1432 2717 1449 2766 si

337 2788 449 2838 iniurias
470 2793 630 2852 conquestus
650 2794 700 2839 est.
739 2659 1125 3060 Οιηχῇἣὶιμηῐοτ
1137 2791 1248 2842 Romam
1268 2791 1369 2844 infesto
1391 2806 1447 2843 erar

339 2862 396 2910 citu
414 2865 555 2926 repeteret,
582 2877 652 2912 mors
671 2861 712 2911 illi
731 2862 859 2913 Iohannis
878 2876 949 2914 nnnc
978 2868 1028 2925 tur,
1054 2868 1081 2914 et
1099 2865 1264 2916 Benedictus
1289 2863 1448 2916 diaeonusr

338 2933 466 2984 Romanis
486 2949 557 3000 papa
575 2935 732 3001 postulatur.
770 2935 912 2987 Abnueute
932 2953 949 2986 r
979 2953 995 2986 o
1014 2938 1184 3004 imperatore,
1203 2937 1275 2987 idern
1293 2939 1448 2991 Benedictus

339 3007 496 3058 aRomanis
509 3006 647 3059 ordinatus
666 3007 935 3060 seditmensibu
975 3009 1115 3062 duobus.
1147 3011 1302 3062 Necmulto
1316 3011 1449 3078 postciri·

338 3085 394 3132 tate
414 3081 447 3130 ab
466 3081 627 3147 imperatore
646 3082 765 3141 obsessa,
785 3088 914 3148 tantaque
932 3083 1003 3132 fame
1022 3099 1159 3149 oppressa,
1180 3090 1209 3134 ut
1228 3085 1333 3136 modius
1354 3083 1458 3149 furfuris,

339 3155 375 3202 30
395 3153 511 3203 denariis
530 3154 699 3215 venderetur,
718 3156 825 3206 afflictis
845 3156 1017 3222 subactisque
1036 3158 1172 3220 Romanis,
1193 3157 1285 3208 dedita
1303 3159 1390 3223 Urbe,
1409 3167 1448 3210 tra·

339 3227 394 3278 dito
414 3227 572 3291 Benedicto,
592 3228 712 3278 Leonem
732 3244 829 3295 papam
848 3228 993 3295 imperator
1011 3226 1135 3290 restituit,
1163 3232 1242 3297 eique
1268 3233 1449 3283 subiectio·

337 3317 410 3350 nem
435 3317 452 3350 a
471 3301 598 3352 Romanis
624 3307 791 3353 sacramento
810 3300 868 3351 tisri
887 3302 961 3352 tecit.
999 3303 1061 3365 Qui
1087 3309 1201 3354 tamen
1225 3319 1316 3370 papa
1341 3305 1449 3356 multis

337 3379 460 3440 postea
485 3375 525 3424 ab
550 3376 638 3440 ipsis
663 3375 820 3426 affectus
845 3376 1002 3439 iniuriis,
1030 3377 1163 3443 prefuit
1188 3379 1282 3428 annia
1310 3379 1448 3436 duobus

338 3449 393 3498 cui
412 3449 588 3499 successit
606 3447 740 3500 Iohannes
759 3448 840 3499 XIII.

411 3514 488 3597 Ipso
511 3523 654 3598 tempore
683 3512 819 3578 domnus
840 3515 951 3578 Bruno
974 3514 1173 3581 Coloniensis
1199 3515 1348 3602 pontifex
1377 3538 1449 3582 con·

338 3597 488 3660 mendata
510 3597 572 3661 sibi
592 3619 612 3660 a
632 3597 728 3662 fratre
750 3598 941 3683 imperatore
963 3601 1055 3684 regni
1076 3622 1117 3665 ne
1142 3601 1211 3664 ocia
1233 3609 1386 3666 strennue
1408 3599 1449 3664 ad·

338 3677 550 3763 ministrabat,
565 3690 682 3745 terram
697 3703 716 3745 a
730 3680 903 3747 latrociniis
918 3704 1070 3768 purgans,
1091 3624 1223 3749 rebelles
1239 3693 1270 3748 et
1284 3684 1449 3749 sediciosos

338 3763 586 3849 circumquaque
609 3766 803 3851 opprimens,
826 3788 939 3852 pacem
953 3767 1170 3831 firmissimam
1184 3769 1312 3834 interim
1328 3768 1449 3834 absente

337 3847 529 3932 imperatore
551 3871 609 3932 per
631 3859 733 3914 totum
754 3848 960 3914 Lotharicum
981 3873 1117 3936 regnum
1139 3875 1349 3939 componens.

176 3946 327 3990 Arusini.
412 3937 523 4001 Signum
541 3940 569 3989 in
589 3938 654 3990 sole.

274 4017 327 4055 hic.
412 4009 455 4060 26.
491 4012 524 4062 A.
546 4013 580 4062 D.
600 4013 664 4063 963.
703 4014 766 4064 Otto
785 4015 929 4080 imperator
948 4014 1038 4066 natale
1057 4015 1168 4066 Domini
1187 4013 1271 4083 Papia
1292 4019 1361 4082 agit.

336 4155 360 4206 a)
382 4157 422 4204 qul
437 4167 471 4206 pr.
490 4158 516 4197 29
533 4159 600 4199 annis
616 4159 660 4202 02.
749 4157 773 4210 b)
789 4169 842 4208 pop.
860 4160 881 4199 d.
898 4161 943 4200 02.
1025 4159 1046 4210 o)
1068 4162 1193 4201 Franciam
1209 4162 1237 4203 N.
1255 4166 1278 4202 et
1293 4162 1395 4203 Italiam
1409 4161 1448 4202 Oi.

336 4213 556 4324 qpbqqegrtBBlleg&
616 4216 638 4270 e)
656 4215 713 4258 obitt
728 4219 776 4260 Bl.
794 4218 837 4258 02.
904 4217 1307 4270 f)mpemr.01;uear131.ca.
1377 4219 1399 4270 g)
1413 4221 1449 4260 Ba·

342 4407 367 4474 l)
387 4407 427 4472 Of.
453 4407 482 4459 V.
502 4407 589 4459 Brun.
609 4411 656 4463 ult.
676 4428 697 4462 c.
719 4411 746 4475 4,
760 4427 792 4476 p.
812 4411 873 4461 275.
