2934 4998
431 1351 549 1417 PARS
570 1351 779 1418 SEPTIMA.

264 1458 432 1512 Continuatio
451 1469 551 1526 quarta
570 1460 610 1524 (S.
631 1461 804 1512 Pantaleonis
825 1462 934 1527 altera).

294 1565 444 1628 Primusa
466 1586 567 1628 annus
587 1564 716 1650 imperii
736 1564 903 1630 Friderioi.

258 1667 374 1731 Annoh
397 1665 575 1730 dominice⁶
597 1667 824 1732 incarnationis
850 1667 940 1749 1220,

38 1753 77 1818 ab
98 1753 195 1818 Urbe
224 1761 331 1817 autem
359 1750 490 1815 condita
513 1751 604 1833 1971,
640 1751 795 1836 conpletis
823 1752 865 1817 ab
894 1752 1016 1838 origine
1043 1751 1155 1816 mundi

37 1837 127 1902 annis
150 1859 212 1902 sex
233 1836 362 1901 milibus
389 1835 651 1922 quadringentis‘1
677 1836 790 1900 decem
818 1845 850 1900 et
876 1857 1001 1919 novem,
1033 1845 1159 1900 mortno

39 1921 156 1986 Ottone
185 1920 377 2006 inperatore,
406 1919 592 1984 Fridericus
620 1943 679 1985 rex
709 1921 918 2004 nonagesimo
948 1920 1059 2005 quinto
1087 1921 1158 1985 loco

38 2005 77 2070 ab
90 2006 244 2090 Augusto
265 2006 299 2068 in
314 2025 412 2089 regno
429 2005 643 2087 confirmatus,
661 2003 878 2068 Frankinvort
896 2007 1016 2069 curiam
1031 2003 1157 2088 habuit3

38 2088 92 2153 ubi
121 2089 368 2153 commendato⁰
396 2087 461 2152 filio
485 2111 542 2152 suo
564 2089 717 2152 Heinrico
739 2089 955 2175 principibus,
983 2100 1015 2155 et
1041 2088 1083 2153 ab
1112 2093 1157 2154 eis

39 2171 167 2237 licentia
190 2184 332 2259 accepta,
345 2173 480 2236 Romam
494 2173 718 2259 proficiscitur.
750 2173 865 2260 ibique
880 2194 899 2236 a
913 2174 1058 2238 Romano
1080 2196 1158 2258 pon-

39 2257 123 2323 tifice
139 2257 285 2322 Honorio
307 2267 339 2322 et
359 2258 447 2321 omni
468 2268 580 2323 senatu
595 2256 769 2321 honorifice
790 2266 957 2342 susceptus
966 2259 984 2341 s,
1006 2259 1039 2321 in
1053 2257 1158 2323 festo&

41 2350 146 2407 sancte
170 2341 292 2407 Oecilie
312 2343 346 2404 in
367 2342 582 2426 inperatorem
605 2350 817 2406 consecratur.
1166 2352 1266 2394 Nor-²⁹·

122 2425 282 2513 [Eodem¹1
298 2447 380 2489 anno
396 2434 538 2490 mortuus
550 2436 598 2490 est
609 2425 780 2489 Heinricus
796 2425 956 2490 secundus
971 2427 1063 2490 istius
1073 2425 1153 2490 loci¹

42 2508 151 2594 abbas,
184 2520 215 2574 et
242 2511 397 2574 successit
421 2510 539 2575 tercius
568 2509 755 2592 Heinricus,
776 2510 873 2574 frater
899 2510 1041 2575 eiusdem
1070 2511 1156 2600 locil.

292 2604 351 2690 [2.ί
373 2602 498 2691 annual.
540 2602 634 2665 Anno
656 2601 789 2666 Domini
813 2603 903 2668 1221.

121 2687 352 2753 Lamentabilis
367 2709 476 2751 rumor
497 2693 529 2750 et
551 2687 649 2751 tristis
672 2684 750 2750 tuba
772 2689 859 2750 omni
882 2685 958 2752 orbe
981 2685 1154 2752 christiano

44 2770 197 2835 insonuit:
224 2771 411 2835 Damiatam
433 2769 565 2849 scilicet,
594 2791 690 2870 quam
713 2770 878 2835 christiani
900 2793 1024 2837 summo
1047 2770 1156 2853 labore

44 2864 74 2918 et
92 2856 269 2920 multorum
296 2857 487 2941 sanguinum
516 2855 669 2920 effusmne
697 2865 849 2940 ceperant
878 2865 910 2919 et
937 2855 1156 2942 possederant,

45 2937 173 3004 soldano
189 2938 356 3004 Babilonie
378 2939 536 3004 redditam
556 2938 664 3004 fuisse.
698 2938 817 3020 Quod*
832 2938 887 3004 tali
903 2939 998 3004 modo
1021 2941 1156 3004 evenitl.

44 3020 93 3084 Ad
113 3025 299 3090 instantiam
322 3034 354 3089 et
373 3023 535 3088 hortatum
556 3022 654 3108 legati
676 3023 760 3088 sedis
776 3023 950 3108 apostolice
967 3033 1157 3087 ceterorum-

47 3127 103 3191 que
123 3110 302 3194 primorum
335 3108 500 3173 christiani
527 3106 570 3171 ad
598 3107 735 3172 ducenta
761 3107 849 3170 milia
875 3107 1061 3172 Damiatam
1083 3117 1158 3172 sunt

46 3195 174 3274 egressi,
210 3195 357 3278 copiosas
390 3215 487 3257 naves
521 3213 596 3255 cum
627 3191 820 3258 victualibus
853 3214 962 3256 secum
992 3191 1155 3274 ducentes,

48 3271 128 3340 Kaer
136 3289 160 3359 ³,
184 3300 246 3364 que
268 3289 299 3342 et
313 3275 482 3342 Babilonia
504 3276 630 3358 dicitur,
652 3277 774 3361 regiam
796 3277 968 3358 civitatem,
991 3297 1156 3361 expugna·

47 3360 115 3422 turi.
165 3361 415 3442 Quamordecim
447 3361 512 3424 fere
540 3359 677 3424 miliaria
715 3370 936 3445 processerant
972 3359 1014 3423 ad
1052 3359 1156 3423 locum

49 3441 100 3506 ubi
125 3444 218 3510 Nilus
240 3447 290 3509 in¹
317 3444 381 3510 duo
403 3444 534 3511 brachia
561 3443 744 3526 dividinn⁴,
777 3466 913 3530 quorum
940 3467 1022 3508 unus
1044 3436 1157 3508 ver'sus

50 3525 272 3595 Alexandriam
304 3529 416 3612 tendit,
451 3530 560 3616 ibique
592 3537 724 3614 pontem
754 3538 900 3594 extruere
929 3527 1156 3615 anticipabant.

50 3609 90 3674 At
109 3613 268 3693 soldanus,
290 3615 351 3679 hoo
374 3623 536 3700 conperto,
560 3635 632 3677 cum
653 3611 760 3676 valida
782 3634 878 3677 manu
899 3613 1104 3700 Egiptiorum
1126 3622 1158 3677 et

52 3693 179 3763 aliorum
200 3699 367 3784 gentilium
390 3699 435 3762 eis
457 3719 635 3779 occurrens,
659 3719 739 3782 opus
761 3697 924 3783 inceptum
946 3697 1104 3783 inpedivit
1125 3706 1157 3762 et

54 3872 120 3924 ⁸)Ds
140 3881 261 3922 FrederIeo
286 3884 306 3922 1.
330 3892 404 3922 annus
421 3880 467 3929 013
490 3881 566 3919 &sunt
587 3879 629 3918 02.
718 3877 744 3931 b)
764 3879 811 3918 alta
831 3889 899 3918 manu
921 3890 1000 3919 coaeva
1021 3878 1091 3928 percit
1106 3879 1156 3918 Bl.

54 3933 73 3984 t)
87 3937 150 3981 Dom.
168 3942 230 3980 1220.
246 3941 286 3981 01.
352 3939 376 3989 d)
393 3941 555 3990 quadingentis
571 3939 617 3979 BI.
693 3937 715 3988 e)
730 3942 838 3978 coronato
854 3949 912 3978 corr.
931 3938 1091 3978 commendato
1107 3938 1157 3978 131.

54 3991 70 4043 1)
88 4003 189 4048 receptus
211 4001 254 4041 01.
269 4001 289 4040 2.
369 3998 392 4050 g)
409 4001 464 4039 deest
485 4000 530 4040 02.
609 3995 633 4048 h)
655 3998 706 4036 taso
727 3997 752 4036 tn
771 3998 868 4047 marpissa
890 3999 994 4037 morture
1013 3996 1091 4037 codicis
1113 3998 1159 4036 etta

54 4063 115 4094 nanu
128 4068 182 4098 saec.
199 4058 262 4098 XIII.
278 4069 357 4098 coma
377 4059 488 4106 aaaron
509 4058 547 4096 aa
567 4061 616 4106 post
631 4056 711 4096 decem
728 4059 751 4096 et
766 4067 849 4096 novem
864 4056 970 4107 interut&
985 4057 1061 4097 desunt
1077 4056 1157 4098 (11.2.

56 4108 71 4162 ἰ)
86 4113 125 4159 du.
140 4118 188 4157 Bl.
204 4118 245 4160 02.
305 4115 330 4169 k)
345 4119 392 4157 clia
406 4121 430 4157 ut
444 4118 528 4156 videtur
543 4126 610 4155 manu
622 4116 693 4165 percit
709 4115 757 4155 Bl.
816 4113 836 4164 1)
849 4115 878 4155 ad
895 4115 936 4156 02.

60 4260 84 4326 1)
106 4263 193 4318 Sancti
217 4266 394 4320 Pantalconis.
495 4266 523 4334 2)
543 4266 620 4318 Haec
645 4283 703 4317 cam
732 4263 830 4317 Olioeri
858 4265 970 4316 latoria
994 4266 1103 4318 nonnisi
1128 4268 1157 4319 in

58 4333 200 4392 “nicaeum
212 4343 378 4404 convenirent,
398 4358 431 4394 ea
447 4342 512 4403 alia,
532 4347 561 4390 nt
572 4340 686 4401 uidetur,
705 4339 833 4390 relatione
845 4347 940 4390 sumto.
1016 4340 1046 4408 3)
1061 4341 1156 4393 Kaira.

60 4404 86 4471 4)
103 4410 174 4465 Haec
190 4432 244 4466 non
263 4417 327 4468 sotis
347 4423 470 4467 accurate
488 4412 560 4465 dicta
578 4429 633 4465 esce
651 4411 751 4463 monuit
771 4410 826 4464 PL.
