2934 4998
135 405 324 468 CHRONICA
341 405 456 458 nuum
477 373 730 460 conomnuffls.
752 407 856 460 CONT.
865 408 899 461 V.
919 408 951 461 A.
963 409 1043 461 1239.
1114 410 1169 461 275

28 571 207 658 intrepide
228 595 287 639 exs
312 581 455 637 ectantes
476 573 612 659 aggredi
624 595 689 638 non
704 573 872 644 audebat&
905 576 1026 642 Verum
1048 576 1168 644 alectus

31 677 123 720 cum
144 678 243 722 manu
257 679 279 722 v
314 656 365 721 'da
385 665 503 722 terram
527 658 653 722 comitis
675 658 715 723 de
736 659 846 724 Monte
867 662 985 746 partim
1006 670 1167 748 pertrans·

30 741 134 822 iens,
165 743 263 806 intrat
290 752 409 806 terram
438 741 565 805 comitis
594 741 772 826 Seinensis3
805 744 847 808 ad
874 746 965 809 cuius
990 745 1166 811 adventum

30 824 127 889 dicti
155 825 229 894 dux
261 836 294 891 et
322 845 429 889 comes
462 825 574 907 territi,
595 847 710 911 pacem
739 847 813 891 cum
842 850 881 893 eo
912 831 1034 914 ineunt,
1090 852 1166 895 uam

28 909 228 973 iuramento
251 919 283 974 et
303 908 432 1007 scriptis
456 909 602 1056 sigillatis
623 911 821 976 confirmant.
864 912 944 978 Dux
966 924 1075 979 autem
1117 937 1166 978 ra·

29 991 179 1058 bantie¹
202 994 337 1079 pacem*³
359 1002 443 1057 mter
464 1003 601 1058 eectum
628 1002 661 1059 et
681 995 783 1059 dictos
811 994 926 1061 ducem
956 1007 989 1062 et
1016 999 1166 1064 comitem

30 1076 137 1176 prius
161 1099 181 1140 a
202 1099 237 1142 se
265 1076 372 1142 datam
399 1097 544 1142 asserens
573 1078 615 1142 ab
643 1077 743 1143 electo
765 1079 927 1162 violatam,
954 1082 1019 1168 ipsi
1048 1080 1166 1146 bellum

29 1157 163 1225 mdicit
198 1182 258 1225 nec
292 1161 393 1225 multo
454 1169 503 1226 ost
538 1171 683 1248 tempore
712 1163 844 1229 inducit.
887 1164 970 1230 Nam
992 1167 1166 1253 assumptis

30 1245 181 1310 secumb
193 1246 279 1310 circa
293 1246 378 1311 8000
392 1181 581 1310 bellatorum
591 1257 612 1326 ⁰,
636 1255 702 1311 tam
723 1248 868 1333 equitum
912 1271 987 1314 uam
1008 1249 1165 1336 peditum,

29 1339 165 1394 terram
200 1329 294 1394 electi
329 1328 524 1414 ingreditur,
561 1335 668 1394 omnia
703 1331 816 1416 predia
852 1271 1073 1416 nobissimum,
1108 1332 1166 1399 ubi

30 1414 216 1480 transitum
230 1414 316 1496 facit,
340 1412 466 1512 spoliat,
490 1415 659 1499 angariatd
681 1415 734 1479 vel
755 1416 905 1480 incendit.
949 1416 1012 1483 Oui
1034 1418 1103 1482 dux
1125 1418 1165 1484 de

30 1496 244 1564 Limburch⁰
266 1498 386 1562 assistrt
407 1507 563 1582 potenter,
591 1508 700 1564 tamen
722 1501 814 1584 quasi
836 1500 972 1584 adiutor,
993 1524 1035 1567 ne
1055 1513 1167 1588 posset

32 1583 139 1666 argui
172 1604 269 1667 super
295 1580 468 1647 violatione
496 1581 571 1648 fidei
606 1582 690 1664 date,
722 1582 830 1648 multis
862 1593 970 1650 tamen
1002 1586 1070 1651 eius
1102 1586 1165 1652 tale

31 1665 303 1751 improbantibus
335 1666 491 1751 effugium
516 1666 594 1731 fidei
620 1666 672 1732 vel
700 1667 935 1732 simulationem
962 1671 1165 1736 sacramenti.

31 1751 125 1814 Dux
147 1772 223 1814 vero
238 1750 455 1815 Brabantinus
476 1772 577 1836 usque
598 1749 642 1814 ad
664 1773 682 1815 o
706 1751 820 1837 pidum
834 1750 986 1816 Nussiam
1007 1755 1164 1840 pervenit,

34 1834 135 1920 quod
166 1835 322 1899 intactum
354 1833 536 1920 relinquens
568 1845 600 1900 et
632 1836 665 1898 in
690 1859 708 1900 e
740 1835 910 1918 divertens,
944 1860 1017 1903 curn
1051 1861 1165 1904 versus

34 1917 214 1984 Coloniam
247 1940 322 1983 cum
355 1920 442 1982 omni
479 1940 538 1982 sua
569 1917 773 1984 multitudine
805 1922 1048 2006 pertransiendo
1076 1924 1164 1987 acies

34 2011 184 2069 armatas
200 2002 353 2086 dirigeret
366 2024 427 2067 nec
441 2000 567 2088 aliquid
588 2013 699 2068 contra
720 2024 791 2067 eam
806 2015 1021 2090 attemptaret,
1043 2003 1164 2072 electus

34 2088 152 2150 animo
174 2087 444 2172 promptissimus,
466 2099 503 2151 ut
522 2109 584 2151 neo
604 2086 741 2152 multum
762 2088 928 2173 peccaretf
947 2089 1093 2170 audacia,
1122 2113 1164 2156 ex

34 2192 106 2234 una
143 2181 311 2256 portarum
348 2171 485 2235 civitatis
533 2193 606 2235 cum
642 2172 755 2257 paucis
789 2170 947 2238 militibus
982 2175 1163 2260 prosiliens,

34 2253 170 2319 civibus
193 2253 443 2340 quiescentibus,
465 2254 618 2320 insultum
640 2255 793 2320 audacter
806 2255 904 2322 facit&
927 2268 1038 2323 contra
1060 2268 1164 2324 extre-

34 2360 131 2404 mam
165 2337 256 2402 ducis
288 2340 401 2403 aciem.
451 2339 529 2404 Post
562 2362 658 2426 quem
692 2339 854 2421 insultum,
891 2343 1065 2430 utrinque1¹
1096 2352 1164 2407 tam

34 2446 55 2488 a
90 2423 298 2487 moventibus
331 2425 437 2508 ipsum
471 2446 568 2510 quam
600 2424 641 2489 ab
674 2424 909 2510 excipientibus
942 2428 1030 2490 cumi
1063 2425 1164 2492 multa

34 2507 246 2572 animositate
281 2506 410 2588 facturn,
447 2505 515 2571 dux
550 2510 767 2594 pertransiens
800 2507 967 2574 Coloniam
999 2511 1162 2591 intactam,

35 2591 224 2678 ingreditur
250 2591 398 2656 Bonnam
431 2600 463 2656 et
495 2614 567 2656 eam
599 2593 774 2657 succendit.
816 2593 898 2657 Inde
930 2593 1094 2680 digressus
1121 2594 1163 2659 ad

37 2675 247 2740 obsidionem
270 2675 367 2739 castri
380 2675 594 2757 Lechenich2,
615 2677 764 2762 percipit,
786 2674 923 2743 electum
937 2677 1163 2745 coloniensem

36 2758 183 2823 validum
201 2760 378 2823 exercitum
389 2781 613 2844 congregasse.
636 2761 842 2846 Quapropter
853 2762 1015 2828 tamfame
1031 2785 1162 2828 suorum

36 2843 193 2928 fatigatus
215 2865 311 2929 quam
326 2843 412 2908 fama
426 2842 611 2908 huiusmodi
626 2846 763 2925 territus,
786 2846 819 2907 in
834 2846 1042 2911 Brabantiam
1057 2869 1163 2912 rever-

37 2929 128 2991 titur.
167 2926 299 2992 Electus
314 2936 432 3009 autem,
454 2927 626 3014 splendida
639 2929 820 2994 coadunata
833 2929 955 3012 militia,
970 2931 1161 3016 Mogrmtino

37 3011 317 3097 archiepiscopat
339 3012 604 3077 Monasteriensi⁴
627 3023 658 3078 et
680 3011 970 3098 Osnabrugensi¹¹¹⁸
1000 3015 1162 3101 episcopis

37 3095 102 3180 ipsi
140 3115 344 3159 succursum
364 3095 549 3177 ferentibus,
587 3106 727 3160 castrum
760 3095 918 3161 Iuliacum
952 3097 1094 3163 obsidet¹
1130 3108 1163 3162 et

37 3179 151 3243 villam
167 3182 263 3243 castri
278 3179 405 3265 penitus
421 3190 550 3245 cremat.
572 3179 653 3244 lnde
667 3190 754 3245 moto
769 3182 923 3261 exercitu,
934 3192 1035 3246 terras
1048 3181 1162 3247 adver-

38 3263 198 3328 sariorum
214 3272 272 3328 etln
284 3275 403 3328 cremat
414 3275 445 3330 et
456 3286 515 3350 per
528 3265 695 3349 angariam
709 3275 854 3331 evacuat.
877 3262 1053 3330 Castellum
1064 3266 1161 3330 etiam

39 3347 166 3412 dictum
187 3347 304 3431 Berge,
337 3347 424 3433 quod
447 3357 515 3412 erat
534 3347 753 3431 Wallonumss,
783 3347 959 3430 destruens,
988 3371 1091 3434 usque
1119 3348 1162 3412 ad

38 3442 183 3496 castrum
206 3430 298 3495 ducis
316 3432 356 3496 de
371 3431 558 3516 Lymburch
573 3432 694 3496 dictum
708 3433 820 3496 Rhode
829 3444 866 3478 ⁰⁴
887 3433 1046 3517 pervenit,
1067 3433 1161 3497 cuius

38 3516 151 3579 omnia
165 3516 350 3580 suburbana
365 3515 525 3580 comburit
539 3525 571 3579 et
584 3525 702 3580 terram
718 3517 968 3603 circumquaque
983 3517 1161 3582 devastatl’.

38 3600 121 3664 Inde
137 3599 275 3680 rediens,
297 3609 436 3663 castrum
452 3600 576 3664 comitis
590 3597 794 3664 iuliacensis⁷
810 3599 990 3665 Berchem⁸
1012 3600 1159 3666 dictum‘l

39 3683 170 3748 obsidet
196 3691 228 3748 et
254 3682 315 3747 hoc
343 3685 378 3748 in
404 3682 599 3748 deditionem
626 3694 795 3769 acceptum
825 3684 967 3750 incendit
995 3695 1027 3750 et
1052 3685 1160 3766 diruit,

39 3872 61 3925 a)
78 3873 200 3915 audebant
215 3874 292 3916 Dm.
329 3872 354 3925 b)
370 3875 487 3916 deutDt.
520 3873 541 3926 c)
557 3874 712 3916 bellatoribus
728 3875 778 3917 Da.
811 3873 834 3926 d)
850 3876 936 3926 spoliat
951 3885 979 3916 nc
994 3875 1160 3918 IncendttDt.

39 3933 61 3982 a)
76 3934 207 3980 Limbnrgb
224 3933 264 3974 Da
285 3935 380 3984 saepiae.
454 3931 521 3984 sitta
536 3934 616 3976 Dua.
691 3934 715 3988 g)
731 3933 788 3974 fecit
802 3935 850 3974 Μ,
927 3933 1086 3985 matrumque
1110 3934 1160 3974 Db.

38 3989 56 4042 t)
72 4004 126 4033 cnm
143 3992 216 4032 multa
231 3994 273 4034 ctas.
289 3993 340 4038 Da,
404 3990 429 4043 k)
446 3991 575 4041 osnaburg.
591 3993 640 4033 Dl.
709 3991 726 4043 1)
744 3992 835 4034 obsedit
850 3993 900 4034 Du.
965 3990 997 4044 m)
1013 3996 1053 4033 ant
1074 3996 1162 4033 cremat

38 4056 78 4092 snt
93 4052 145 4092 Μ.
213 4050 376 4102 mutulorum
392 4051 446 4100 D13
469 4051 584 4092 Valltnnis
600 4052 648 4092 Di.
717 4049 739 4097 o)
754 4051 818 4092 Rode
834 4052 885 4094 Μ.
953 4049 977 4104 p)
994 4052 1093 4092 divertat
1108 4052 1160 4105 Μ,

39 4116 57 4149 et
71 4112 105 4151 tta
119 4121 177 4151 moa.
237 4109 262 4161 q)
277 4111 333 4151 deut
349 4110 399 4151 Dl.

44 4251 71 4321 l)
91 4251 237 4304 Heinrinas
256 4251 315 4304 ΙΙΙ.
355 4252 389 4304 A.
463 4251 493 4318 2)
508 4269 593 4318 prope
613 4249 758 4304 Coloniam.
833 4249 863 4318 3)
882 4250 1012 4319 Siyrfrido
1031 4252 1092 4305 III.
1125 4251 1160 4304 A.

41 4325 70 4392 4)
90 4325 218 4391 Ludolfo.
250 4325 283 4378 A.
351 4323 381 4388 5)
400 4324 556 4392 Ertqelberto
576 4326 601 4377 l.
630 4324 660 4378 A.
722 4327 749 4390 6)
769 4325 979 4392 Heraoyenratb.
1052 4325 1081 4392 7)
1100 4325 1160 4377 Wil-

40 4398 117 4451 bubni
131 4398 184 4449 11⁷.
213 4398 247 4451 A.
322 4397 352 4465 8)
370 4397 519 4466 Berybeirn.
867 4466 931 4532 18*
