2942 4998
291 383 326 431 26
445 380 632 433 CHRONIOA
650 379 764 431 REGIA
785 377 1029 432 COLONIENSIS
1048 380 1082 430 A.
1102 379 1257 431 920-930,

291 549 461 615 (ironica
482 570 502 611 a
522 557 704 633 tompore
727 546 919 694 HSeinrici
940 546 1052 629 regis
1075 547 1193 632 primi
1214 547 1264 612 de
1292 557 1420 631 genta
1461 597 1462 602 .

777 651 955 694 axonam.

676 719 861 771 Recensio³
880 719 948 771 cod.¹
969 717 1027 772 01.

291 793 371 836 Anni
387 795 529 834 Heinrici
545 794 643 844 primi.

229 867 280 908 Est.
363 854 396 904 A.
412 853 437 904 d.
451 855 469 905 i.
484 854 547 916 920,
566 853 600 902 ab
619 853 692 904 Urbe
712 857 800 903 autem
821 851 931 902 condita
948 853 1028 903 1676.
1041 853 1193 916 Heinricus,
1214 869 1318 920 genere
1337 853 1418 917 Saxo,

290 927 361 979 filius
375 928 481 979 Ottouis
501 927 587 990 ducis,
607 925 651 976 80.
671 925 732 976 loco
751 926 785 975 ab
799 926 920 991 Augusto
934 927 961 975 in
974 942 1086 992 regnum
1101 926 1216 992 cligitur,
1234 928 1419 993 regnavitque

290 1002 367 1052 aunis
389 1002 431 1051 17.
466 993 976 1066 Htcsuccessorcunrac111.b]
997 1000 1235 1065 imperatoris,
1257 1001 1318 1066 qui
1338 1001 1418 1051 ulti-

290 1090 359 1125 mus
393 1072 431 1124 de
460 1076 570 1140 stirpe
599 1072 805 1123 Karolorum
834 1086 975 1137 rognum
1005 1074 1039 1122 in
1068 1073 1225 1124 Saxones
1256 1073 1417 1124 consilio

293 1144 392 1214 [sucss]
426 1149 578 1198 moriens
606 1145 806 1206 transtulit,
836 1146 875 1196 ab
904 1145 1060 1197 omnihus
1092 1146 1326 1206 acclamatus,
1357 1163 1416 1197 cunr

290 1221 382 1272 unctio
402 1228 430 1270 et
449 1219 581 1285 dyadema
601 1217 657 1270 eit*
677 1219 814 1269 offerretur
833 1234 849 1269 a
868 1234 970 1269 summo
990 1217 1124 1285 pontifice,
1150 1235 1202 1270 nou
1233 1220 1347 1285 sprevit,
1366 1235 1418 1269 ncc
1460 1183 1462 1282 i

290 1301 381 1344 tamen
400 1296 535 1359 suscepit:
558 1292 656 1356 ‘Satis’,
681 1293 814 1358 inquiens,
838 1291 928 1342 ‘michi
954 1287 1024 1358 esti,
1050 1298 1080 1342 ut
1102 1308 1149 1358 pre
1177 1293 1323 1344 maioribus
1350 1295 1418 1344 meis
1461 1291 1462 1334 i

291 1383 339 1417 rex
358 1365 434 1416 dicar
454 1372 481 1417 et
500 1366 632 1430 designer,
653 1364 744 1415 diviua
763 1370 896 1416 annuente
917 1371 1059 1431 vestraque
1076 1366 1184 1432 pictate,
1203 1370 1278 1416 tanto
1292 1365 1418 1417 honoret
1460 1365 1462 1414 i

291 1456 340 1491 nos
360 1439 521 1491 arbitramur
539 1436 681 1504 indignos'.
720 1437 828 1490 Placuit
852 1439 903 1488 istc
922 1454 1009 1489 sermo
1035 1454 1123 1489 coram
1150 1439 1281 1499 omnibus,
1309 1445 1339 1490 et
1365 1440 1418 1490 hoc
1461 1439 1462 1458 .

292 1512 385 1564 ordine
411 1528 458 1563 rex
484 1512 594 1562 effectus
613 1512 819 1573 Heinricus,
846 1513 939 1577 cepit
963 1514 1052 1562 omni
1077 1511 1252 1563 industria
1272 1528 1420 1578 regnunt
1461 1567 1462 1578 γ

291 1600 504 1653 propagare,
523 1584 645 1636 hostes
666 1585 934 1650 circumquaque
954 1584 1108 1637 assiduis
1133 1584 1309 1636 bellorum
1330 1585 1417 1638 assul-

291 1653 382 1711 tibusf
401 1665 547 1710 conterere.

365 1733 390 1784 3.
419 1732 452 1785 A.
467 1732 524 1782 DJ
537 1731 600 1781 922.
620 1724 794 1796 Rutpcmmh,
813 1729 896 1781 frater
910 1732 1017 1783 Orionis
1033 1733 1104 1796 regis
1125 1725 1258 1798 eriperer
1277 1732 1413 1796 Hugonis,
1461 1777 1462 1782 ,

292 1807 462 1857 machinante
488 1804 633 1856 Gisilherto
663 1803 741 1864 duce,
770 1818 864 1854 socero
893 1803 1016 1854 Heinrici
1044 1806 1124 1870 regie,
1154 1807 1182 1854 iu
1211 1801 1417 1856 deiectionem¹¹

292 1879 386 1930 Karoli
405 1894 487 1945 regno
508 1878 656 1930 Galliarum
676 1877 839 1943 preponitur.

366 1953 392 2002 6.
411 1953 442 2003 A.
454 1952 488 2003 D.
500 1951 563 2002 925.
577 1951 691 2002 Sanctus
704 1945 862 2001 Udalricusl
875 1950 1198 2015 Augustiensisedi
1211 1951 1414 2018 preficitur.

365 2018 441 2103 Ipso
470 2038 553 2081 anno
584 2015 719 2080 domnus
741 2016 987 2080 Hcrimannusm
1009 2017 1059 2082 I.¹¹
1082 2015 1282 2082 (tolonensis
1313 2018 1416 2100 archi·
1460 2031 1462 2100 t

293 2103 464 2188 episcopus
497 2108 708 2198 cognomento
737 2100 814 2164 Pius
840 2099 933 2175 obiit,
989 2103 1022 2165 ui
1053 2101 1136 2166 sedit
1163 2101 1195 2164 in
1225 2103 1415 2188 episcopatu
1461 2103 1462 2162 i

293 2206 394 2251 annos
417 2187 472 2268 353
496 2205 548 2248 cur
571 2185 726 2248 successit
740 2183 877 2248 domnus
893 2123 1073 2270 Wigiridus
1081 2197 1104 2268 ⁰,
1126 2207 1145 2248 a
1160 2186 1253 2250 beato
1268 2185 1415 2252 Materno

292 2271 397 2356 primo
420 2268 563 2333 eiusdem
586 2267 670 2332 sedis
693 2269 844 2354 episcopo
867 2267 917 2333 24.

366 2359 393 2410 8.
429 2361 461 2411 A.
482 2360 517 2410 D.
539 2359 601 2409 927.
622 2359 738 2424 Sanguis
757 2359 867 2410 Domini
885 2361 914 2409 in
932 2359 1048 2424 Augiam
1067 2361 1150 2410 venit.

133 2441 283 2485 Aan.8.Alc.
368 2434 393 2484 9.
430 2433 463 2484 A.
485 2434 521 2482 D.
541 2431 604 2482 928.
622 2432 735 2497 Ungarii
750 2437 833 2483 totam
846 2433 999 2494 Franciam,
1020 2433 1145 2494 Galliam,
1160 2433 1319 2485 alsaciamr
1333 2440 1414 2500 atque

294 2506 481 2557 Alemanniam
501 2505 593 2570 gladio
614 2511 640 2566 et
659 2507 721 2571 igne
740 2509 857 2556 vastant.

368 2581 449 2630 Post
477 2578 664 2630 Iohannem
693 2579 750 2629 X.¹¹
775 2593 895 2645 papam
924 2579 1087 2630 succedit
1112 2581 1238 2630 Romae
1268 2579 1414 2645 Stepha-

233 2659 357 2704 a'ttmue
384 2650 487 2719 [VIM]
507 2667 605 2718 papa.
648 2649 821 2703 Burchardns
841 2651 894 2702 dux
913 2652 1091 2718 Alamanniar
1109 2655 1137 2702 in
1160 2652 1249 2703 Ytalia
1268 2653 1416 2714 occiditur;
1460 2635 1462 2682 ⁴

295 2726 460 2778 Herimanno
480 2725 640 2776 Alemannis
660 2726 840 2776 committitur.

369 2791 495 2857 Eodem
518 2813 601 2855 anno
617 2790 753 2855 domnus
768 2791 877 2854 Bruno
894 2790 1134 2856 Coloniensium
1152 2790 1415 2877 archiepiscopus
1461 2813 1462 2836 ³

295 2876 449 2941 Heinrico
472 2876 542 2960 regi
563 2875 705 2940 nascitur
727 2897 769 2938 ex
790 2886 937 2939 Mathilda⁸
958 2890 1060 2956 regina,
1090 2889 1145 2939 filia
1165 2887 1323 2940 Theoderici
1343 2891 1415 2953 prin-
1459 2889 1462 2966 q

296 2968 373 3034 cipis,
399 2968 473 3017 cuius
496 2966 592 3018 fratros
619 2972 694 3016 erant
719 2966 853 3026 Witilrint,
879 2966 984 3018 Immud
1010 2973 1037 3020 ct
1055 2967 1219 3032 Reginheru.
1261 2967 1415 3032 Reginhem
1461 2969 1462 2972 ’

296 3045 385 3091 autern
404 3045 469 3104 erat,
493 3041 538 3105 qui
557 3040 687 3105 pugnavit
711 3045 803 3090 contra
821 3039 923 3100 Dauos,
943 3039 1025 3091 multo
1048 3045 1169 3107 tempore
1188 3038 1349 3092 saxoniamt
1371 3039 1415 3090 dc·

295 3119 441 3173 vastantes,
459 3114 579 3179 vicitque
598 3128 645 3163 eoa
665 3112 781 3164 liberans
801 3112 835 3162 ab
854 3111 958 3164 illorum
978 3115 1129 3164 incursione
1148 3115 1261 3179 patriam
1282 3128 1369 3179 usque
1389 3115 1415 3163 in

295 3187 453 3238 hodiernum
472 3185 551 3238 diem.
589 3186 624 3236 Et
642 3185 680 3236 hii
700 3191 776 3236 erant
795 3201 828 3236 ex
853 3187 935 3252 stirpe
959 3189 1071 3252 magnit
1094 3186 1170 3238 ducis
1189 3185 1342 3249 witikindi,
1371 3187 1415 3252 qui

295 3259 398 3312 bellurn
417 3265 511 3331 potens
530 3260 615 3326 gessit
634 3259 763 3311 adversus
778 3257 905 3310 Karolum
926 3260 1053 3325 Magnum
1079 3275 1127 3326 per
1152 3275 1235 3311 annos
1260 3259 1344 3310 ferma
1372 3259 1415 3309 30.

294 3335 376 3385 Porro
395 3335 451 3385 nati
469 3334 575 3384 fucrant
598 3334 755 3384 antehoc
781 3337 912 3398 tempus
938 3347 971 3383 ex
996 3332 1090 3383 eadem
1115 3333 1209 3398 regina
1227 3334 1291 3385 Otto
1316 3333 1415 3398 prirno-

295 3408 410 3474 gcnitus,
431 3408 485 3473 qui
504 3407 681 3458 successit
699 3406 809 3473 patri,
827 3406 972 3456 Heinricus
992 3407 1059 3456 dux
1077 3405 1292 3470 Noricorum,
1313 3411 1341 3457 et
1358 3403 1415 3456 filia

295 3480 442 3544 tietberga,
462 3495 530 3545 quae
549 3485 676 3546 nupserat
690 3478 834 3530 Gisilbertc
854 3478 916 3529 duci
936 3477 1057 3543 Belgica,
1077 3495 1174 3545 quam
1197 3485 1335 3546 postea,
1356 3478 1414 3530 de·

294 3554 416 3604 functo
438 3551 646 3615 Gisilbertc,
666 3551 872 3603 Ludewicus
900 3553 1120 3602 rexFrancie
1147 3553 1332 3618 coniugem
1357 3567 1414 3602 ac·
1461 3613 1462 3622 ἵ

296 3627 402 3692 cepit,
424 3630 457 3674 et
476 3625 599 3688 genuit
625 3640 664 3674 ex
689 3641 728 3675 ea
747 3620 909 3675 Karolum
937 3631 968 3675 ct
986 3625 1198 3695 Lotharium,
1225 3627 1283 3691 qni
1310 3627 1414 3676 etiam

295 3699 386 3765 patri
406 3698 612 3748 successim.

372 3770 414 3818 11.
452 3770 486 3820 A.
506 3770 541 3819 D.
561 3769 623 3820 930.
661 3770 964 3836 PcstStephanum
984 3771 1320 3838 papanhannesXI.
1341 3771 1414 3823 suh·

296 3843 464 3894 stituitur.

296 3977 320 4030 a)
343 3979 399 4018 hanc
414 3979 511 4028 deinceps
525 3979 554 4018 cd
569 3978 644 4029 sontes
661 3975 756 4029 propius
776 3977 905 4016 accedentem
924 3985 1009 4019 secutus
1028 3991 1088 4030 creor,¹
1107 3979 1214 4020 scribendi
1236 3990 1286 4018 vcro
1308 3981 1414 4019 rationem
1461 3977 1462 3986 ¹

295 4038 373 4078 codicis
389 4038 428 4077 Br
445 4043 469 4077 ut
484 4043 553 4078 aucte
565 4039 650 4088 prioris
665 4037 752 4083 retinui,
768 4041 852 4085 occepta
867 4037 938 4077 littera
954 4048 974 4096 p.
1035 4037 1059 4090 b)
1076 4037 1131 4079 decet
1147 4039 1198 4080 Bi.
1261 4037 1281 4090 c)
1298 4039 1356 4078 dcccc
1372 4039 1413 4078 01.

296 4094 634 4147 c‘)ss.p.eio.131.cr.
717 4094 949 4146 d)c.m.Br.ce.
1010 4095 1413 4149 e)decetBl.f)ins.B1.0i.

296 4154 320 4207 g)
336 4156 357 4197 d.
374 4156 541 4196 incarnationis
557 4156 592 4196 01
608 4156 702 4206 saepius.
763 4151 975 4204 macrensem.
1037 4154 1055 4208 t)
1071 4158 1126 4197 deest
1142 4158 1191 4198 Bi.
1209 4157 1252 4197 02.
1314 4155 1338 4206 k)
1354 4156 1413 4196 dedi·

295 4215 493 4256 commarca
540 4198 820 4265 numennumen.
837 4213 881 4256 cr.
925 4213 957 4266 m)
974 4215 1133 4256 hermannus
1143 4215 1224 4268 (act.
1269 4213 1412 4266 mmmm.

295 4275 334 4314 hos
348 4284 448 4313 armaret
463 4284 544 4322 semper
559 4274 612 4323 1313
628 4275 733 4316 desetor.
779 4272 802 4324 o)
818 4273 991 4316 WiliridusOt.
1036 4273 1060 4326 p)
1078 4275 1190 4314 Elsatiam
1206 4278 1252 4325 atq.
1269 4273 1356 4314 Atlern.
1371 4275 1413 4314 01.

296 4333 319 4384 q)
336 4333 391 4372 deest
407 4333 481 4376 cae.
548 4333 569 4386 r)
585 4332 707 4374 Alemanie
723 4333 772 4373 B1.
841 4330 862 4383 s)
878 4333 976 4374 Metilda
991 4344 1047 4373 corr.
1063 4334 1174 4374 Methilda
1190 4334 1233 4377 02.
1307 4332 1325 4384 t)
1343 4332 1413 4374 Saxo·

295 4393 372 4432 nicam
387 4403 445 4432 corr.
461 4390 588 4432 saxoniam
604 4392 654 4433 Bl.
715 4391 740 4445 u)
756 4391 859 4434 succedit
875 4391 892 4431 6¹
898 4393 918 4433 1.
