2924 5006
277 345 331 396 146
407 342 595 396 cflaoulca
613 341 726 394 REGIA
747 340 998 394 COLONIENSIS.
1019 340 1122 392 CONT.
1142 339 1174 392 A.
1197 338 1275 390 1189.

681 515 846 568 Receaaio
867 515 891 566 Ι.
912 521 936 568 et
954 517 996 568 ΙΙ.

277 604 375 670 aliud.
418 603 536 668 Iterato
559 625 616 688 per
637 600 716 667 ahos
739 603 769 668 ei
791 601 1007 685 demandavit,
1039 623 1073 665 se
1102 609 1176 686 post
1197 599 1304 664 Deum
1325 619 1399 663 esse

278 689 444 754 dominum
467 686 710 751 dominantium.
753 686 867 751 Tereia
898 685 1070 774 [quoquet]
1101 685 1131 748 ei
1157 681 1399 766 demandavitl,

303 771 399 853 uod¹,
424 771 451 834 si
473 792 607 854 regnum
629 770 848 835 Romanorum
870 770 947 836 dare
969 768 1066 836 vellet
1087 770 1120 832 in
1141 790 1254 833 manus
1276 768 1345 832 eius
1367 777 1402 831 et

280 797 324 922 db
347 878 385 921 eo
407 854 478 920 loco
500 854 634 918 hominii
647 856 801 953 recipere,
825 854 1017 918 conductum
1032 856 1081 918 ei⁰
1097 853 1188 918 daret
1207 876 1266 939 per
1280 861 1400 916 terram

281 963 372 1006 suam
388 949 421 1005 et
434 949 611 1005 mercatum
627 938 798 1003 sufficiens.
827 936 879 1001 Ad
893 938 955 1002 hoe
970 939 1143 1024 imperator
1157 937 1202 1002 ita
1216 935 1401 1022 respondit:

283 1025 375 1090 ‘Eam
403 1045 463 1089 eo
492 1025 525 1086 in
547 1023 685 1105 Christe,
722 1033 753 1088 et
780 1023 836 1086 ind
857 1022 1009 1088 fratribus
1039 1023 1129 1104 meis,
1159 1023 1214 1108 qui
1240 1042 1299 1107 pro
1328 1021 1399 1085 eius

283 1110 389 1175 crucis
411 1107 433 1170 h
458 1108 599 1172 eratione
621 1107 719 1172 miehi
734 1106 898 1188 adherent,
920 1106 1024 1172 habeo
1038 1106 1201 1188 fiduciam,
1214 1105 1302 1192 quod
1317 1105 1399 1168 eius-

282 1193 371 1257 modi
399 1191 664 1276 compositionem
692 1213 766 1256 cum
797 1213 835 1256 eo
864 1191 970 1255 facere
1004 1213 1086 1278 opus
1112 1188 1204 1254 nobis
1232 1211 1298 1253 non
1320 1189 1399 1252 erit'.

281 1275 470 1357 Hisdictis,
492 1272 520 1340 le
545 1284 613 1340 atos
635 1277 668 1339 in
690 1297 770 1362 pace
792 1275 923 1343 dimisit.
967 1276 1006 1340 In
1038 1275 1150 1340 eodem
1175 1273 1314 1338 confinio
1336 1271 1400 1336 col-

279 1359 414 1424 lectores
436 1357 501 1445 pah
536 1361 547 1422 i
570 1358 740 1424 cenobium
756 1361 917 1446 quoddam
940 1381 1126 1447 expugnare
1148 1359 1294 1444 aggressi
1316 1365 1403 1437 sunt,

303 1442 368 1509 uod
384 1444 516 1507 summis
532 1444 632 1529 copiis
648 1466 754 1508 rerum
775 1446 1027 1510 necessariarum
1047 1442 1178 1543 plenum
1197 1445 1400 1509 invenerunt

281 1467 342 1593 liii
363 1549 439 1593 vero
463 1528 518 1612 qui
544 1529 628 1591 intus
658 1538 748 1593 erant
772 1530 839 1593 vim
866 1540 1121 1615 oppugnantium
1150 1527 1233 1592 ferre
1254 1549 1320 1592 non
1345 1546 1401 1590 va

282 1611 394 1693 lentes,
416 1612 522 1677 missis
543 1611 669 1676 nunciis
697 1612 740 1676 ad
769 1613 1004 1697 imperatorem,
1027 1614 1097 1678 eius
1123 1612 1274 1697 potestati
1304 1633 1338 1675 se
1369 1617 1403 1673 et

282 1717 340 1760 sua
354 1696 565 1761 tradiderunt.
597 1696 803 1783 Quapropter
825 1699 914 1761 iussu
936 1698 1004 1761 eius
1026 1696 1134 1762 omnia
1155 1694 1262 1761 ablata
1282 1715 1403 1779 excep-

280 1780 322 1845 tis
345 1779 537 1846 victualibus
561 1789 760 1880 receperunt.
802 1781 907 1846 Tanta
929 1790 1036 1847 autern
1057 1781 1222 1846 inundatio
1245 1778 1402 1844 imbrium

282 1874 396 1930 exorta
418 1874 468 1929 est
488 1865 521 1927 in
543 1874 665 1947 castrus,
695 1863 782 1951 quod
804 1866 965 1930 civitatem
994 1867 1113 1931 intrare
1136 1863 1293 1951 compulsi
1316 1875 1403 1946 sunt,

281 1949 480 2034 nunciusque
502 1949 703 2034 imperatoris
730 1949 887 2013 transiens
909 1972 968 2035 per
1011 1949 1109 2015 lateas
1132 1948 1266 2036 singulis
1288 1969 1402 2012 seeun-

283 2033 362 2098 dum
395 2033 481 2118 quod
514 2031 682 2118 oportebat
702 2032 885 2097 mansiones
907 1972 1078 2099 distrlbuit.
1123 2033 1269 2099 Armenii
1302 2033 1402 2098 etiam

283 2138 543 2204 quaquaversum
572 2117 745 2199 venientes,
778 2125 955 2182 mercatum
978 2118 1044 2182 eise
1066 2117 1403 2184 habundantissimum

281 2203 315 2265 in
337 2200 485 2266 omnibus
518 2199 722 2286 prebuerunt.
768 2200 915 2288 Cumque
942 2203 1077 2266 iuvenes
1106 2201 1235 2288 quidam
1262 2199 1403 2265 animosi

282 2287 322 2349 de
344 2285 487 2349 exercitu
508 2293 685 2349 mercatum
707 2307 722 2348 s
747 2283 890 2368 oliarent,
914 2295 1072 2373 quotquot
1093 2287 1201 2350 exeis
1223 2285 1297 2371 capi
1311 2292 1403 2370 potc-

281 2377 354 2433 rant
375 2369 465 2432 iussu
484 2369 686 2454 imperatoris
732 2368 857 2435 ecollati
880 2381 962 2436 sunt.
1012 2371 1116 2435 Tanta
1135 2391 1211 2435 vero
1235 2377 1303 2435 erat
1329 2369 1402 2432 eius

281 2455 316 2518 in
337 2451 509 2518 iudicando
531 2454 695 2537 severitas,
740 2455 805 2520 uod
826 2455 944 2519 nullius
965 2477 1079 2554 preces
1100 2454 1134 2517 in
1149 2453 1268 2518 iudicio
1285 2452 1402 2518 admit

281 2535 371 2603 tebet
405 2559 465 2601 nec
497 2559 668 2623 personam
700 2476 836 2604 abortius
868 2537 1075 2626 respiciebat,
1109 2539 1212 2603 sciens
1245 2539 1400 2624 quoniam

282 2620 377 2685 bonis
399 2631 494 2686 nocet
515 2622 570 2706 qui
592 2619 684 2686 malis
707 2624 820 2708 parcit,
844 2632 876 2688 et
898 2624 974 2709 quia
995 2621 1133 2687 facilitas
1154 2623 1267 2686 veniae
1289 2622 1401 2685 incen-

276 2704 392 2769 dium‘
413 2705 526 2770 tribuit
546 2703 763 2792 delinquendi.
814 2705 913 2772 Cuius
934 2709 980 2772 rei
1002 2711 1107 2792 gratia
1127 2706 1273 2771 Armenii
1295 2705 1402 2771 delec-

282 2789 350 2869 tati,
388 2789 491 2872 magis
527 2811 566 2852 ac
601 2792 704 2875 magis
739 2793 921 2856 necessaria
955 2790 1166 2856 advehebant.
1218 2790 1403 2877 Imperator

282 2882 390 2937 autem
412 2894 471 2935 sua
493 2880 525 2937 et
544 2870 723 2957 legatorum
739 2897 869 2940 suorum
884 2876 1001 2940 iniuria
1014 2884 1188 2961 permotus,
1210 2874 1401 2962 vidensque,

282 2967 363 3020 rex&
385 2957 463 3041 quia
483 2954 602 3020 nullam
625 2958 691 3022 suis
717 2959 778 3023 nisi
809 2970 938 3024 coactus
961 2961 1192 3024 humanitatem
1222 2958 1402 3040 exhiberet,

283 3040 393 3106 statuit
412 3041 445 3104 in
467 3063 605 3124 regnum
626 3043 695 3106 eius
716 3043 934 3109 vehementius
956 3047 1138 3129 insurgere3
1168 3064 1404 3129 assumensque

282 3133 407 3211 partem
436 3126 607 3208 exercitus,
636 3129 793 3213 processit
819 3150 931 3193 versus
959 3125 1270 3214 Andronopolimhr.
1314 3127 1402 3194 Eam

282 3230 417 3274 vacuam
447 3218 479 3274 et
508 3209 550 3273 ab
581 3209 696 3276 incolis
728 3213 911 3297 nuperrime
944 3213 1104 3277 desertam
1133 3212 1263 3276 invenit.
1319 3210 1405 3276 Erat

170 3313 226 3354 aa.
238 3303 392 3358 aaautem
411 3301 540 3380 tempus
561 3293 705 3374 hiemale,
728 3296 813 3360 circa
833 3295 950 3360 festum
966 3295 1086 3362 scilicet
1102 3306 1231 3361 sanctae
1248 3294 1403 3360 (leciliae.

283 3377 362 3442 Dux
383 3378 480 3442 etiam
504 3378 642 3442 Sueviae
665 3401 737 3442 cum
772 3378 965 3464 quibusdam
997 3403 1144 3466 egressus
1177 3403 1235 3466 pro
1292 3378 1403 3462 ebulo,

283 3462 420 3526 accessit
441 3461 698 3544 Dimodicam³·³,
729 3462 997 3550 demandavitque
1026 3464 1155 3545 urbicis,
1177 3474 1213 3529 ut
1235 3401 1297 3528 sill
1320 3465 1400 3529 suis-

284 3567 346 3632 que
367 3553 545 3609 meroatum
566 3545 745 3631 preberent.
790 3546 887 3628 Quod
909 3550 1004 3612 cum¹¹
1026 3546 1072 3612 illi
1100 3548 1205 3613 facere
1220 3547 1403 3613 dissimula·

282 3638 363 3710 rent,
385 3630 530 3694 accensis
551 3630 666 3694 animis
688 3631 784 3696 iussit
805 3653 880 3696 suos
907 3634 1034 3714 armari,
1064 3641 1096 3696 et
1121 3632 1200 3696 hora
1227 3632 1292 3697 diei
1314 3653 1404 3696 nona

281 3723 414 3799 repente
435 3735 606 3798 aggressus
627 3714 800 3798 civitatem,
832 3717 878 3780 ita
899 3714 1016 3780 celeri¹
1038 3717 1158 3802 potitus
1187 3726 1236 3782 est
1255 3717 1403 3799 victoria,

283 3798 370 3883 quod
402 3796 444 3860 ad
465 3819 631 3882 vesperam
662 3808 756 3884 capta
788 3801 920 3866 civitate
950 3799 1145 3866 habitatores
1178 3823 1260 3886 pene
1289 3821 1404 3865 omnes

282 3959 306 4012 a)
322 3961 377 4000 deest
394 3962 448 4002 B.0
515 3958 537 4011 b)
555 3961 671 4000 mandevit
689 3960 738 4000 At.
798 3962 889 4015 e)‹1eest
905 3965 951 4004 At.
1011 3963 1157 4015 (1)(1εεειο2.
1218 3963 1300 4015 cletus
1317 3966 1364 4003 Βι.
1382 3965 1404 4007 2.

283 4021 326 4060 01.
345 4022 365 4060 2.
404 4018 581 4068 uincentium
596 4019 731 4058 scribendum
746 4032 796 4071 esse,
812 4023 856 4061 iam
871 4024 979 4063 Fraterno
994 4025 1052 4066 uidit.
1092 4023 1116 4075 g)
1136 4035 1153 4064 r.
1170 4035 1191 4074 q.
1208 4025 1234 4066 B.
1252 4026 1272 4066 0.
1314 4024 1338 4076 h)
1356 4027 1402 4065 An·

282 4078 435 4130 dronopolym
452 4079 497 4127 0²5
519 4077 672 4128 Andropolim
695 4080 736 4120 01.
811 4079 827 4131 i)
844 4082 989 4122 Dunodlcam
1010 4085 1050 4124 02.
1125 4083 1149 4131 k)
1163 4084 1219 4124 dms
1241 4084 1332 4134 B1.‘.‘;
1353 4089 1405 4134 poet

282 4147 389 4186 supernos.
407 4138 448 4180 02.
510 4137 527 4188 l)
542 4137 623 4177 sceleri
637 4138 687 4176 Bl.
705 4139 753 4187 θὶς
770 4139 914 4190 secleriB23
931 4142 1001 4182 celeri
1017 4153 1028 4181 e
1043 4153 1099 4183 corr.
1118 4143 1162 4184 02.

286 4265 456 4392 impactas
464 4269 546 4334 samo
561 4269 662 4322 incerto
677 4269 764 4320 relata
780 4277 850 4323 suat.
905 4272 936 4338 2)
951 4270 1159 4340 Adrianopolin.
1213 4275 1243 4344 3)
1262 4276 1405 4330 Deawtieo

283 4357 301 4392 a
373 4359 494 4393 orizam.
