2944 5002
320 379 373 430 348
436 378 487 428 EX
505 378 598 431 HIST.
617 377 898 429 EXPEDITIONUM
917 376 955 427 IN
975 377 1123 428 TERRAM
1142 375 1326 428 SANOTAM.

244 571 309 612 rme.
320 546 463 612 febribus
491 545 631 627 fortiore,
664 565 799 629 corpora
828 565 886 608 sua
915 543 1014 606 Teme
1042 543 1170 625 Sancte,
1202 545 1335 608 animas
1369 565 1439 608 vero

320 629 403 696 Filio
424 630 560 714 virginis
581 629 749 715 reliquere.
804 627 882 706 Post
937 627 1096 692 redictum
1128 629 1277 692 comitem
1316 650 1443 712 semper

320 713 562 780 memorandum
586 734 693 777 comes
716 711 878 776 Gerardus
924 711 1054 775 eWidc
1075 714 1109 775 in
1130 711 1248 777 milicie
1271 712 1464 776 dominum*

319 799 557 864 aTheutonicis
573 799 785 862 communiter
800 795 938 881 eligitur.
981 797 1026 859 At
1046 795 1098 859 ille
1119 818 1184 859 non
1204 798 1314 860 minor
1336 799 1444 860 animo

320 905 416 970 quam
439 905 572 969 corpore
588 883 675 945 viros
692 891 724 945 et
744 879 861 945 milites
883 881 1119 944 strenuissimos
1140 881 1181 944 ad
1204 881 1353 945 officium
1377 903 1445 966 pre·

319 971 405 1035 dicte
436 969 528 1031 navis
559 965 735 1047 ordinavit,
768 963 910 1050 singulos
943 963 985 1028 ad
1014 987 1088 1028 suos
1120 965 1245 1030 labores
1280 966 1445 1052 sagaciter

319 1051 513 1138 deputando.
562 1051 640 1115 Post
671 1049 732 1114 hoe
765 1050 913 1113 oracione
946 1049 987 1113 ad
1019 1049 1195 1113 Dominum
1226 1049 1302 1114 fusa.
1336 1059 1372 1114 et
1405 1049 1445 1112 ad

319 1158 445 1201 crucem
487 1145 630 1200 sanctam
672 1136 877 1220 processione
918 1132 1123 1198 devotissime
1155 1145 1305 1218 peracta,
1350 1135 1444 1197 navis

321 1221 441 1287 Christi
461 1221 496 1283 in
517 1230 649 1305 aspectu
662 1216 825 1299 terribilis,
848 1216 905 1281 sed
927 1217 1052 1298 decora,
1075 1219 1109 1280 in
1131 1218 1183 1282 dic
1197 1217 1286 1283 beati
1302 1216 1445 1303 apostoli

206 1303 537 1382 euareBartholomei
559 1325 633 1367 cum
655 1323 773 1388 magno
795 1300 906 1367 labore
920 1301 963 1365 ad
977 1303 1089 1366 turrim
1103 1302 1247 1366 trahitur.
1293 1301 1443 1368 Eoontra

319 1389 438 1477 pagani
459 1387 500 1451 ad
523 1388 630 1452 omnia
652 1385 851 1450 subtilissimi
872 1385 914 1449 ad
928 1385 1157 1450 destruendum
1172 1399 1305 1473 pontem
1321 1386 1444 1450 maehi-

319 1497 378 1539 nas
411 1472 577 1537 collocant.
626 1471 773 1557 (lumque
802 1479 962 1534 structura
983 1471 1018 1533 in
1044 1470 1187 1536 Domino
1213 1473 1278 1536 iam
1307 1473 1444 1557 iamque

319 1555 575 1643 triumphaturaa
590 1554 633 1619 ad
648 1556 863 1619 summitatem
884 1555 980 1619 turris
998 1554 1222 1641 applicaretur,
1246 1553 1345 1636 scala,
1376 1577 1442 1620 cor-

319 1643 369 1708 dis
392 1643 458 1706 suis
486 1662 661 1727 parumper
692 1638 824 1721 laxatis,
856 1640 937 1703 turri
966 1638 1135 1703 demissius
1169 1650 1217 1704 cst
1244 1661 1440 1725 suppressa,

319 1727 359 1791 de
403 1747 445 1790 ua
460 1723 618 1789 vexillifer
632 1725 722 1788 ducis
734 1723 874 1805 Austris,
919 1721 1079 1793 lurimum,
1091 1726 1237 1809 aspirans
1259 1725 1440 1806 introitum,

316 1749 445 1892 decidit,
475 1818 507 1874 et
533 1810 580 1873 sic
601 1829 660 1895 pro
683 1809 778 1872 sociis
800 1806 842 1871 ad
864 1745 983 1871 Filium
1004 1808 1138 1894 virginis
1167 1807 1371 1872 exorandum
1393 1817 1441 1873 est

316 1896 502 1961 destinatus.
549 1893 618 1958 Nec
647 1915 751 1974 mora,
781 1891 949 1956 Sarraceni
978 1914 1074 1978 super
1101 1904 1226 1958 nostros
1252 1892 1380 1977 lapides
1408 1903 1438 1957 et

317 1981 450 2064 sagittas
472 1976 582 2065 pluere
603 1976 666 2040 visi
693 1987 767 2040 sunt
795 1987 835 2057 et,
870 1975 956 2063 quod
982 1979 1115 2062 gravius
1144 1988 1200 2054 est,
1233 1978 1344 2063 ignem
1368 1979 1436 2040 sinc

315 2085 466 2129 mensura
485 2063 655 2147 proiciunt.
699 2059 753 2124 Ad
776 2063 866 2124 cuius
889 2063 1091 2125 contactumb
1120 2061 1207 2125 scala
1232 2061 1435 2146 impetuosis-

315 2151 395 2213 sime
422 2155 470 2212 est
497 2167 661 2210 succensa.
712 2146 807 2210 Nunc
840 2142 947 2226 dolor,
982 2166 1067 2208 nunc
1093 2145 1258 2230 planctus,
1288 2143 1434 2231 ploratus

316 2242 348 2297 et
368 2230 506 2296 ululatus
528 2253 548 2294 a
568 2230 685 2295 nostris
707 2229 748 2293 ad
771 2238 887 2294 terram
909 2239 977 2293 toto
999 2251 1142 2315 corpore,
1172 2228 1213 2294 ad
1234 2229 1343 2294 Deum
1366 2231 1434 2294 solo

316 2317 412 2382 corde
433 2315 594 2402 profusus,
628 2323 676 2379 est
704 2313 842 2378 auditus.
886 2313 1072 2378 Patriarcha
1100 2315 1196 2379 etiam
1218 2313 1433 2379 lherosolimi·

315 2412 409 2466 tanus
432 2421 585 2464 eoronam
608 2399 724 2484 capitis
746 2399 796 2462 sui
823 2397 943 2461 harena
971 2409 1003 2463 et
1023 2397 1154 2485 pulvere
1175 2398 1339 2463 humiliter
1360 2418 1430 2462 con-

315 2509 330 2550 s
356 2507 390 2549 er
414 2485 497 2549 ebat.
541 2483 583 2546 Et
604 2505 679 2548 ecce
707 2483 792 2568 ignis
822 2480 999 2546 diabolicus
1025 2505 1084 2569 per
1110 2481 1259 2547 lacrimas
1286 2491 1430 2546 sanctum

315 2508 364 2634 Bpa
417 2567 577 2632 olomeum
600 2568 645 2630 sic
674 2567 893 2630 invocantium
915 2577 963 2631 est
990 2573 1161 2638 extinctus.
1205 2566 1258 2631 Ad
1288 2589 1429 2652 pugnam

315 2654 422 2739 itaque
444 2651 502 2715 filii
517 2651 582 2715 Dei
597 2650 741 2733 redeunt,
763 2650 875 2715 lancea
896 2660 928 2716 et
943 2651 1075 2738 cuspide
1096 2651 1244 2715 inimicos
1266 2651 1428 2731 invadunt,

316 2739 362 2802 sic
386 2759 428 2801 ue
439 2734 528 2800 haste
540 2757 598 2822 per
609 2737 741 2799 numina
751 2735 860 2818 fracte,
877 2736 912 2798 in
923 2756 998 2799 aera
1009 2757 1096 2800 more
1108 2735 1242 2800 telorum
1254 2736 1430 2800 volantium

314 2759 469 2886 realium.
513 2820 565 2885 Ad
588 2821 735 2884 ultimum
756 2819 836 2883 hora
858 2841 1064 2905 vesperorum
1086 2820 1171 2885 facta
1193 2821 1285 2884 Friso
1301 2819 1429 2906 quidam

314 2905 440 2991 flagello
462 2902 602 2969 mirabili
622 2905 764 2968 munitus
787 2905 1014 2991 superveniens
1037 2914 1068 2969 et
1090 2903 1169 2970 alter
1183 2904 1275 2967 clava
1289 2925 1349 2967 sua
1367 2925 1428 2967 non

314 2993 419 3076 impar
445 2990 553 3053 hostes
581 2987 801 3074 propulerunt.
850 2987 915 3053 Sed
943 2997 974 3052 et
1000 2987 1113 3052 miles⁰
1165 2988 1274 3052 uidam
1306 2989 1427 3052 iuvenis

314 3073 501 3140 Leodiensis
525 3073 661 3138 diocesis
677 3072 815 3158 Spiritus
828 3075 930 3137 sancti
944 3073 1062 3137 virtute
1085 3011 1290 3154 coniortatus,
1313 3073 1425 3136 turrim

314 3160 404 3246 prius
427 3157 604 3222 ascendens
631 3158 772 3222 intravit.
815 3156 860 3221 At
884 3157 1003 3243 pagani
1029 3157 1089 3222 Dei
1115 3159 1257 3243 potentia
1278 3157 1427 3242 percussi,

315 3243 357 3307 ad
385 3242 569 3307 inferiorem
596 3241 692 3306 turris
719 3240 825 3305 locum
852 3240 1054 3326 confugiunt,
1088 3243 1145 3306 sed
1172 3240 1279 3306 adhuc
1309 3241 1427 3305 faciunt

316 3326 404 3413 quod
425 3337 570 3413 possunt.
613 3325 696 3389 Nam
719 3325 843 3390 fumum
864 3324 1060 3412 palpabilem
1083 3341 1192 3390 contra
1213 3334 1350 3408 nostros,
1373 3323 1426 3388 sed

314 3413 441 3492 frustra,
452 3410 648 3496 proiciunt⁶3
687 3431 729 3474 uo
742 3420 895 3492 cessante,
907 3419 985 3474 tunc
997 3409 1125 3474 demum
1138 3409 1258 3475 residui
1272 3410 1306 3473 in
1316 3431 1427 3474 manus

315 3518 349 3561 se
382 3493 626 3560 christianorum
657 3432 819 3576 dedentes,
857 3494 897 3560 de
928 3494 1006 3558 turri
1039 3504 1168 3559 centum
1200 3494 1326 3562 circiter
1356 3503 1427 3558 sunt

315 3579 459 3644 extracti.
507 3578 601 3643 Multi
630 3600 706 3643 vero
734 3601 776 3644 ex
804 3600 915 3642 eorum
945 3579 1040 3642 sociis
1067 3577 1100 3641 fu
1124 3601 1176 3642 am
1203 3588 1363 3677 petentes,
1395 3579 1425 3640 in

313 3663 380 3729 Nili
406 3661 546 3727 fluminis
579 3662 670 3727 alveo
703 3672 777 3727 sunt
806 3662 974 3728 submersi.
1023 3662 1077 3726 Ex
1111 3672 1175 3727 tate
1207 3663 1305 3748 rgitur
1333 3672 1364 3726 et
1394 3663 1424 3724 in

313 3748 455 3813 Domino
477 3745 620 3812 letamini
642 3769 751 3811 omnes
774 3749 829 3832 qui
851 3756 968 3811 terram
991 3745 1110 3812 Christi
1132 3746 1288 3832 sanguine
1316 3747 1424 3810 sancti-

313 3834 440 3897 ficatam
470 3830 617 3917 diligitis!
658 3831 721 3896 Via
747 3833 862 3896 etenim
891 3830 984 3895 nobis
1014 3840 1046 3895 et
1067 3841 1159 3916 porta
1179 3833 1213 3895 in
1232 3829 1422 3895 Iherusalern

313 3940 372 4002 per
382 3916 522 3981 Filium⁰
538 3916 671 4002 virginis
687 3925 735 3980 est
748 3925 868 4001 aperta.
911 3915 1037 3981 Montes
1049 3916 1179 3982 Thabor
1194 3925 1226 3980 et
1240 3914 1303 3979 alia
1326 3925 1421 3978 castra

313 4001 473 4066 cristianis
490 4001 610 4074 infesta
624 4022 682 4086 per
698 4022 811 4064 manus
835 4001 1037 4065 inimicorum
1053 4011 1128 4064 sunt
1143 4000 1313 4066 destructa.
1340 4000 1422 4063 Inter

312 4106 456 4170 paganos
482 4106 609 4171 quoque
637 4082 826 4170 plusquam
849 4083 957 4148 civilia
978 4082 1060 4149 bella
1081 4093 1245 4169 geruntur,
1276 4093 1309 4148 et
1328 4103 1419 4168 regna

313 4191 423 4234 eorum
437 4208 473 4218 -
487 4171 714 4255 prognosticon
725 4191 783 4234 sue
795 4167 997 4233 desolationis
1009 4207 1051 4218 -
1061 4168 1203 4255 undique
1215 4167 1419 4232 dividunturs.

313 4303 335 4355 ι)
352 4305 448 4355 pharue
463 4305 627 4346 cormaricus.
669 4303 693 4356 b)
710 4307 804 4344 actatun
820 4309 870 4344 aare
887 4316 909 4346 o.
922 4317 964 4346 scr.
979 4307 1016 4346 aad
1030 4306 1070 4345 det.
1086 4317 1104 4346 c.
1141 4303 1163 4355 c)
1178 4304 1388 4345 nubesoorr.mi]es
1401 4314 1419 4345 c.

312 4363 335 4415 d)
352 4363 505 4414 procreante.
554 4362 576 4408 at
593 4364 655 4403 flltus
670 4364 786 4404 rorantia
800 4375 818 4406 c.
863 4362 883 4414 f)
899 4376 954 4414 quas
968 4369 1102 4416 sequuntur:
1118 4365 1173 4405 Post
1188 4369 1277 4414 captam
1294 4365 1371 4404 turrim
1378 4368 1413 4403 ao.

312 4433 359 4462 arm
374 4421 466 4462 histor-ta
482 4432 551 4472 supra
566 4422 853 4473 nr.V1.euuapterumqac
868 4425 1004 4476 conveniunt,
1020 4424 1124 4464 arcados
1131 4423 1210 4464 oliveri
1221 4423 1414 4467 relationotoaeto.

752 4553 952 4564 -ι--σι-
