2942 4998
295 395 387 448 XXIV
573 392 761 446 CHRONIOA
780 393 894 446 REGI&
913 392 1168 446 commestus.

295 565 392 628 immo
416 571 527 647 aperte
557 561 761 645 deprava-uit.
803 561 1062 646 Nonnumquam
1081 562 1225 645 propius
1248 562 1295 625 ad
1318 561 1422 629 Chro-

296 649 407 712 nicam
433 648 560 732 rapiam
591 645 732 725 aceedit,
762 647 812 710 ita
843 653 880 708 ut
910 644 948 709 de
977 646 1086 710 eodem
1113 654 1246 712 auctore
1273 648 1422 714 coitura
1460 643 1463 732 ‘r

290 732 413 818 poesis.
439 729 550 804 Quare
565 751 605 794 ea
620 729 734 794 saltem
748 753 821 794 cum
841 727 1014 794 lectoribus
1036 732 1276 796 communicare
1287 670 1422 815 placuit
1461 733 1463 798 l

297 839 381 902 quae
402 837 443 878 eu
454 811 609 898 fontibus
632 814 670 879 de
696 813 811 878 eruitis
834 813 956 877 hausta
976 822 1063 877 eunt.

388 899 475 964 VIII.
519 899 631 962 Etiam
687 898 825 963 osuini
847 919 990 978 cannen,
1012 899 1050 961 in
1065 895 1293 983 scriptoribus
1307 919 1420 963 rerum

295 983 583 1070 Portupalsnsium
606 980 839 1068 (Portupoliae
866 990 1075 1046 monumento
1097 981 1125 1061 J,
1148 1002 1186 1065 p.
1211 981 1289 1062 102)
1311 1005 1420 1084 nuper
1463 1049 1464 1068 ,

294 1070 414 1132 iterum
435 1068 567 1147 editum,
597 1068 683 1131 inter
704 1074 865 1130 nostrates
886 1087 961 1130 uero
990 1087 1169 1151 numquam
1185 1064 1320 1149 publico
1348 1069 1420 1134 ruri
1463 1129 1464 1132 ,

295 1152 419 1233 tuum,
443 1150 564 1215 addere
582 1150 723 1235 placuit.
766 1149 939 1214 Auctorem
959 1151 1047 1216 inter
1061 1150 1316 1234 crucesiynatos,
1337 1174 1418 1236 quo·

295 1258 370 1300 rurn
391 1244 482 1321 qesta
503 1233 718 1316 celebrantur,
741 1234 964 1320 quaerendum
979 1255 1056 1314 esse,
1078 1233 1183 1299 editor
1196 1244 1279 1298 recte
1295 1235 1420 1319 procul

295 1320 395 1385 lubio
409 1321 555 1401 monuit,·
578 1319 615 1383 id
637 1319 725 1402 quod
746 1340 814 1382 non
841 1317 946 1383 solum
974 1318 1104 1384 nomine
1126 1318 1295 1403 Hispanis
1323 1319 1419 1386 haul

296 1407 427 1483 usitato,
449 1404 504 1468 sed
523 1405 718 1487 praesertim
738 1403 783 1467 iis
809 1401 1040 1487 comprobatur
1061 1424 1143 1502 quae
1165 1425 1238 1468 cum
1257 1400 1419 1469 relatione
1463 1408 1465 1432 ¹

296 1509 402 1573 supra
442 1488 593 1552 indicata
628 1489 815 1552 commuuio
847 1487 949 1552 habet.
1002 1487 1169 1571 Episcopo
1201 1508 1276 1550 uero
1311 1487 1418 1553 Ulini-
1463 1459 1465 1582 l

295 1571 431 1636 bunensi
457 1570 576 1636 Suerio
609 1571 794 1636 dedicatum
820 1579 875 1635 est.
917 1571 1031 1654 Ipsius
1057 1580 1086 1634 et
1114 1573 1259 1635 auctoris
1281 1574 1419 1638 nomina

294 1655 412 1804 littderis
433 1655 620 1721 initialibus
637 1657 676 1719 lb
691 1656 855 1740 partium,
876 1656 914 1718 in
936 1677 1021 1740 quus
1042 1677 1172 1720 carrnen
1194 1655 1337 1720 cliricum
1360 1666 1418 1739 est,

296 1742 333 1804 in
357 1742 500 1804 icantur.

378 1824 436 1888 IX.
487 1823 640 1889 Ultimum
674 1832 757 1889 tenet
791 1823 897 1888 locu-m
924 1822 1109 1887 Martini
1144 1820 1418 1890 Continuatio

298 1907 364 1974 Col
370 1910 568 1990 oniensis,
591 1931 687 1994 quam
709 1908 857 1973 nondum
876 1907 997 1972 editam
1012 1928 1114 1992 neque
1124 1908 1291 1991 prouimis
1314 1909 1418 1972 annis

294 1994 332 2056 in
354 1991 561 2079 Scriptorum
583 1990 765 2056 collectione
792 1991 952 2056 edendam
974 1991 1027 2056 hic
1046 1991 1299 2074 proponendam
1320 1991 1417 2058 duni.

296 2075 346 2139 De
362 2099 429 2161 qua
448 2077 480 2140 V.
499 2076 545 2142 Cl.
563 2075 752 2156 Cardauns,
773 2076 831 2160 qui
850 2075 1022 2139 editionem
1037 2075 1187 2158 parauit,
1208 2077 1256 2140 ita
1271 2078 1417 2142 monuit:

380 2160 504 2224 ‘Huius
540 2161 698 2224 historiae
732 2162 852 2224 unicus
888 2167 994 2222 curtat
1029 2159 1147 2240 colen,
1190 2157 1266 2226 olim
1301 2181 1417 2225 nrona-

296 2245 390 2307 sterii
416 2241 560 2308 Sanctae
585 2243 700 2310 Orucis
728 2245 766 2306 in
793 2241 879 2328 Lysa
904 2265 974 2322 ora,
1002 2245 1039 2306 in
1062 2242 1260 2328 palatinatu
1282 2243 1416 2310 Sando-

296 2329 459 2407 miriensi,
503 2337 569 2392 turn
604 2326 812 2392 bibliothecae
854 2265 1073 2391 illustrissimi
1108 2328 1233 2391 comitis
1270 2328 1324 2391 Au
1349 2331 1418 2393 usti

296 2411 429 2476 Potoclci
457 2410 809 2491 Wilanoroianae,·
839 2411 896 2475 ubi
921 2432 994 2474 eum
1023 2409 1210 2478 Wilhelmus
1238 2413 1311 2476 Arn
1336 2421 1348 2474 t
1377 2416 1415 2478 in

297 2498 415 2560 itinere
443 2517 502 2560 suo
523 2495 677 2560 Polonico
696 2493 844 2580 feliciter
872 2496 1002 2575 deleuit,
1029 2497 1201 2580 ipsumque
1222 2495 1417 2561 Berolinum

297 2581 528 2644 transmissum
551 2604 581 2644 u.
613 2578 704 2645 1865.
730 2581 839 2644 euceri
863 2582 915 2645 sit.
957 2579 1018 2644 Est
1039 2580 1232 2644 chartaceus
1254 2583 1291 2644 in
1310 2579 1414 2663 folio,

297 2665 451 2749 sipnatus
480 2686 532 2728 nr.
560 2664 590 2745 2,
624 2663 749 2728 saeculi
775 2663 829 2727 XI
856 2708 864 2725 .
921 2662 1070 2728 Continet
1102 2668 1140 2745 a)
1161 2660 1197 2747 f.
1221 2665 1249 2726 1.
1272 2665 1417 2730 Martini

302 2747 523 2832 Oppaviensis
537 2748 737 2828 chronicam,
759 2770 858 2832 quarn
880 2749 918 2810 in
933 2747 1051 2811 verba:
1073 2769 1132 2812 rex
1146 2747 1249 2811 eciam
1264 2747 1415 2832 Navarie,

321 2832 354 2896 ui
376 2830 522 2896 infirmus
545 2831 585 2896 de
607 2831 730 2896 Affrieu
751 2840 960 2916 processerat,
987 2833 1020 2895 in
1044 2829 1187 2896 Siciliam
1209 2832 1339 2897 veniens
1361 2831 1415 2898 de

332 2924 425 2979 notus
454 2925 502 2980 est
531 2925 713 2997 eueuntem,
748 2917 857 2980 statim
888 2917 1012 3001 sucipit
1042 2916 1181 2981 historia
1211 2926 1326 2981 nostra
1345 2913 1414 3000 fol.

298 2999 485 3083 173-179;
517 3001 553 3082 b)
573 3000 608 3085 f
638 3000 708 3065 179.
754 2999 947 3085 Catoloqum
975 3000 1298 3086 archiepiscoporum
1322 2999 1414 3067 Colo-

297 3086 461 3149 niensium
479 3085 536 3167 (cle
551 3107 613 3169 quo
627 3108 656 3150 u.
672 3083 736 3150 SS.
750 3083 868 3162 XXIV,
886 3106 925 3169 p.
941 3083 1042 3164 334),·
1078 3083 1158 3168 c)f.
1176 3083 1245 3152 188.
1284 3085 1414 3150 Hadoa-

294 3171 433 3252 poricon
459 3169 506 3233 aol
528 3170 662 3234 Terram
684 3168 840 3233 Sanctum
895 3189 931 3230 er
951 3167 1088 3232 nobilem
1109 3169 1240 3234 militem
1262 3168 1415 3234 Guilhel-

297 3275 383 3318 mum
398 3249 607 3337 Bololensele,·
641 3253 679 3335 el)
693 3253 728 3401 ζ.
747 3251 819 3316 201.
862 3189 1045 3399 βτεεέἴὼή
1058 3253 1221 3317 Iohannis
1243 3252 1415 3337 epistolam

298 3339 344 3402 acl
371 3337 615 3404 Eumanuelem
646 3361 693 3423 pu
714 3346 897 3401 erratorem
966 3335 1195 3423 ierosolymae,
1226 3341 1260 3418 e)
1280 3336 1314 3422 f
1340 3337 1413 3408 203.

297 3421 410 3487 Iacobi
433 3423 470 3487 ele
490 3423 630 3486 Vitriaco
645 3421 844 3486 Accone-usis
864 3421 1012 3505 episcopi
1033 3421 1205 3485 historiam
1224 3421 1376 3486 Hr'erosol
1402 3460 1413 3470 -

296 3509 476 3607 nritunam5
500 3505 589 3590 f)f.
611 3505 685 3570 259.
728 3504 946 3569 Patriurchae
971 3502 1329 3652 Constantinopolituni
1358 3446 1416 3606 [lb-⁸

297 3600 507 3674 scriptionem
523 3591 642 3654 Terrae
658 3589 821 3668 Sanctam·
845 3592 893 3734 lq)
905 3587 939 3671 f.
956 3588 1028 3652 274.
1056 3588 1154 3674 Bopu
1203 3587 1250 3653 ali
1266 3612 1375 3674 episco
1402 3614 1415 3654 n

297 3674 534 3738 Poznaniensis'
549 3678 566 3756 (
567 3674 706 3737 rectius:
727 3670 844 3737 Glorlis
859 3673 895 3736 ai
909 3681 1119 3758 capnomcnto
1166 3672 1256 3738 lusco
1271 3682 1359 3738 custo
1385 3675 1415 3739 is

297 3757 552 3838 Poznuuiensis)
575 3757 752 3822 chronicon
771 3755 989 3836 Polonorurn,·
1022 3755 1060 3837 h)
1072 3756 1107 3841 f
1130 3756 1203 3821 330.
1246 3757 1417 3844 Anonymi

298 3841 531 3906 archidiaconi
547 3839 744 3906 Gneznensis
758 3841 953 3908 Chronicam
971 3838 1149 3906 Croconiae
1167 3850 1196 3906 et
1210 3841 1416 3906 diuersorum

297 3924 455 3989 Poloniae
478 3925 653 3990 annalium
666 3924 874 4011 frapmenta.

381 4009 433 4072 De
462 4018 592 4074 auctore
613 4010 771 4076 historiae
797 4019 928 4074 nostrae
960 4009 1019 4072 uia
1052 4016 1195 4091 constat,
1229 4011 1297 4074 nisi
1327 4010 1416 4095 quod

300 4093 454 4159 Coloniae
476 4094 603 4159 videtur
629 4096 759 4159 vicisse.
801 4092 937 4157 Librum
963 4114 1053 4157 anno
1077 4092 1168 4156 1326.
1191 4094 1416 4159 subsistentem

297 4201 362 4243 non
387 4187 465 4263 poet
496 4201 623 4244 annum
647 4179 738 4244 1330.
772 4199 839 4241 esse
871 4177 1091 4258 compositum,
1125 4187 1274 4263 arpuunt
1304 4178 1414 4261 verba,

298 4261 415 4348 quibus
447 4265 552 4328 utitur
585 4272 698 4328 auctor
730 4263 769 4327 de
802 4261 971 4325 thiderico
1010 4281 1085 4346 repe
1117 4283 1181 4345 per
1209 4262 1414 4327 Ludovicum

298 4348 527 4411 adversarium
563 4370 602 4411 eu
638 4345 780 4412 uinculis
816 4345 972 4410 dimisso:
1008 4363 1105 4428 quum
1144 4341 1453 4430 pollicitacionemss

297 4429 479 4496 Fridericus
503 4441 623 4496 extunc
643 4452 747 4517 usque
767 4451 852 4494 nunc
868 4425 1041 4493 efficaciter
1055 4429 1236 4517 exequitur.
1279 4431 1416 4497 Praeter
