2924 5006
675 1334 794 1401 PARS
818 1333 1004 1410 QUINTA.

625 1443 794 1497 continuatio
813 1444 856 1496 Π.
877 1445 954 1496 coac.
972 1444 1029 1494 Aa.
1040 1445 1066 1494 3.

511 1548 606 1613 Anno
629 1548 788 1614 dominice
810 1548 1038 1612 incarnationis
1062 1547 1155 1611 1200.

362 1631 533 1697 Ounradus
572 1633 808 1718 Moguntiensis
848 1632 1112 1717 archiepiscopus
1153 1630 1234 1696 obiit
1271 1631 1301 1696 8.
1324 1631 1402 1696 Kal.

277 1714 473 1799 Novembr.;
490 1718 543 1781 cui
553 1715 722 1803 Philippus
739 1739 800 1780 rex
811 1714 994 1802 Lupoldum
1005 1715 1191 1780 Wormacie
1208 1716 1404 1801 episcopum

277 1799 454 1864 substituit.
509 1801 586 1867 Otto
617 1822 694 1866 vero
729 1823 790 1866 rex
818 1799 853 1865 Si
878 1800 980 1864 efrido
1007 1800 1048 1864 de
1070 1799 1293 1885 Eppenstein⁸
1320 1801 1403 1885 regi-

276 1906 353 1949 men
376 1893 408 1950 et
428 1886 499 1983 iura
521 1885 677 1970 episcopii
700 1823 903 1949 contradidit
937 1885 1031 1949 Unde
1054 1883 1233 1982 sigefridus
1255 1882 1404 1950 utilitati-

278 1966 338 2031 bus
360 1970 499 2116 preprils
521 1969 698 2049 consulens,
722 1970 857 2033 Romam
886 1991 957 2033 sese
987 1967 1132 2048 centulli,
1159 1969 1402 2054 promotionem

278 2053 394 2115 suamb
439 2074 534 2117 omno
557 2075 642 2152 pape
665 2054 806 2118 seriatim
829 2055 989 2139 exposuit.
1034 2052 1101 2117 Ubi
1121 2051 1298 2138 apostolica
1326 2074 1404 2117 auc-

276 2137 405 2200 toritate
428 2139 463 2199 in
484 2135 761 2224 archiepiscopum
785 2137 991 2201 confirmatus
1004 2150 1026 2220 ¹,
1049 2145 1182 2222 accepto
1203 2135 1302 2221 pallio
1326 2159 1403 2200 cum

278 2217 348 2282 aliis
377 2219 615 2307 episcopalibus
642 2222 798 2306 insigniis,
821 2231 1039 2306 perceptaque
1067 2220 1303 2302 benedictione,
1328 2243 1404 2284 cum

278 2302 400 2367 honore
422 2325 442 2367 a
486 2325 549 2388 ape
570 2304 721 2370 dimissus
744 2306 922 2370 revertitur.
966 2305 1083 2371 Werra
1097 2304 1207 2389 gravis
1229 2305 1314 2368 inter
1336 2306 1404 2368 iam

278 2385 382 2452 dictos
414 2410 446 2450 m
481 2397 513 2452 to
543 2397 688 2475 tempore
725 2410 929 2454 succrescens
960 2389 1095 2453 nimium
1129 2386 1278 2471 invaluit,
1313 2389 1403 2453 unde

278 2471 510 2556 Mogontiensis
534 2473 672 2538 ecclesia
692 2472 839 2558 pluribus
861 2473 954 2537 annis
969 2473 1126 2558 legittimo
1142 2483 1271 2558 pastore
1288 2474 1402 2536 caruit.

516 2556 611 2622 Anno
634 2557 793 2622 dominice
814 2558 1043 2622 incarnationis
1066 2558 1158 2621 1201.

362 2639 529 2788 Lupoldus
544 2640 729 2708 Wcrmecie
752 2664 769 2706 e
793 2641 925 2728 iscopus
946 2662 967 2703 a
987 2662 1073 2726 papa
1088 2641 1403 2720 excommunicatur,

280 2741 318 2784 eo
340 2743 403 2808 quo
442 2735 553 2790 contra
567 2747 689 2791 morem
706 2664 959 2790 eccidsiasticum
973 2746 1038 2788 non
1056 2725 1218 2805 canonice,
1234 2725 1289 2788 sed
1306 2725 1403 2810 quasi

279 2827 337 2891 per
369 2806 556 2873 violentiam
586 2811 843 2894 Mogontiensem
877 2811 1099 2894 episcopatum
1136 2807 1290 2873 invadere
1330 2830 1403 2893 pre-

280 2892 463 2974 sumpserit,
486 2914 558 2956 cum
580 2893 614 2957 id
637 2894 707 2958 fieri
728 2895 832 2958 sancti
854 2913 993 2957 canones
1016 2893 1120 2957 modis
1144 2892 1292 2957 omnibus
1317 2891 1403 2955 inbi-

279 2971 388 3056 beant,
405 2973 510 3041 Leone
525 2998 611 3063 papa
625 2987 812 3059 attestante,
835 2979 891 3064 qui
906 2979 1011 3042 citt-²:
1050 2977 1091 3042 Si
1120 2978 1192 3062 qais
1214 2979 1404 3062 episcopas,

280 3059 421 3123 ciuitatis
449 3083 506 3124 sae
532 3064 753 3126 mediocritate
786 3063 944 3147 despecta,
979 3062 1308 3126 amministrationem
1337 3060 1404 3124 leci

280 3140 465 3208 celebrioris
488 3146 604 3211 adiecit
626 3156 654 3208 et
677 3147 722 3210 ad
742 3147 899 3210 maiorem
921 3168 953 3209 aa
999 3145 1096 3209 labem
1118 3167 1257 3228 quaeum
1279 3166 1320 3208 ne
1347 3167 1403 3207 ra-

278 3228 364 3290 tione
379 3229 592 3310 transtulerit,
605 3230 760 3308 cathedra
772 3231 901 3315 quidem
909 3167 1055 3314 pellitur
1070 3229 1192 3308 aliena,
1210 3249 1242 3291 se
1277 3228 1404 3292 carebit

279 3318 308 3371 et
323 3314 481 3394 propria,
503 3323 539 3377 nt
559 3337 616 3378 nec
638 3313 706 3379 illis
729 3315 900 3397 presideat
927 3337 1006 3399 qaas
1028 3335 1093 3398 per
1120 3314 1300 3376 avaritiam
1327 3333 1403 3375 con·

279 3397 414 3477 cupivit,
437 3419 493 3460 nec
514 3395 583 3462 illis
604 3420 685 3482 qnos
701 3420 766 3482 per
787 3397 975 3481 snperbiam
998 3399 1155 3482 desperit.
1219 3393 1403 3480 Sigefridus

278 3478 333 3542 Mo
359 3480 485 3544 ontinus
519 3479 639 3545 electus
672 3481 780 3546 favore
814 3493 846 3546 et
878 3503 1036 3546 consensu
1092 3502 1153 3565 ape
1182 3503 1202 3544 a
1224 3477 1402 3544 (iruidoned

280 3501 435 3627 cardinali
456 3563 544 3650 apud
566 3565 710 3629 Xantum
732 3566 761 3628 2.
784 3564 859 3629 Kal.
873 3563 944 3631 Oct.
967 3567 1000 3628 in
1022 3503 1304 3662 arciriepiscopum
1327 3584 1401 3628 con·

281 3658 455 3728 secratur³,
485 3649 734 3734 suffragantibus
762 3648 902 3713 Adolfo⁰
929 3647 1114 3714 Coloniensi
1145 3648 1401 3735 archiepiscopo,

281 3729 479 3796 Herimanno
507 3733 751 3798 Monasteriensi
776 3734 938 3819 episcopo,
960 3733 1143 3818 presidente
1166 3732 1284 3798 Ottcne
1313 3755 1402 3818 rege,

281 3813 453 3879 Heinricof
474 3815 556 3882 duce
576 3817 719 3882 Levanie
742 3827 774 3883 et
794 3817 865 3881 aliis
888 3838 984 3902 quem
1006 3815 1162 3904 pluribus.

279 4012 302 4063 a)
318 4015 477 4065 Eppanothcin
493 4018 541 4059 ΑΞ.
616 4017 639 4067 b)
656 4029 720 4058 auam
737 4029 751 4058 a
767 4018 789 4060 d.
805 4018 855 4059 At.
932 4016 953 4069 c)
969 4019 983 4068 11
999 4017 1040 4056 atti
1056 4016 1106 4058 As.
1188 4013 1399 4067 meruerant.

279 4072 301 4124 e)
319 4074 421 4115 Adbclfo
437 4075 479 4116 At
495 4087 576 4127 semper
586 4075 644 4125 sere.
713 4074 732 4128 1)
747 4076 820 4118 Hanr.
837 4077 879 4138 111
894 4087 1065 4126 nonnumquam.

281 4243 309 4308 1)
334 4242 367 4296 A.
394 4247 473 4311 1202,
498 4248 583 4300 Mart.
609 4249 654 4309 21,·
673 4245 797 4311 Bdbmer,
823 4246 887 4314 Rep.
902 4263 934 4312 p.
955 4247 1017 4300 300.
1109 4243 1138 4312 2)
1157 4243 1245 4311 Epist.
1267 4244 1311 4307 14,
1332 4262 1354 4294 e.
1374 4243 1400 4304 8,

275 4318 419 4464 1111αέἓέἷὲ
432 4337 462 4386 p.
474 4323 554 4375 1283.
612 4322 641 4386 3)
653 4320 697 4371 Ita
716 4317 787 4372 Ana.
808 4318 837 4373 S.
859 4319 993 4384 Gereonio,
1013 4319 1105 4386 infra‚·
1130 4319 1164 4385 cs.
1183 4316 1365 4370 Winkelmann
1375 4316 1399 4380 I,
