2924 5006
326 407 379 455 194
418 403 605 456 CHRONICA
615 402 726 454 REGIA
739 399 988 454 COLONIENSIS.
1009 402 1111 454 CONT.
1122 402 1162 454 ΙΙ.
1181 401 1215 453 Α.
1229 401 1310 452 1215.
1321 401 1396 452 1216.

324 572 475 654 decebat,
496 573 530 635 in
553 572 659 656 ymnis
681 580 712 636 et
732 569 889 652 laudibus,
913 591 985 633 cum
1008 571 1154 634 coronisa
1176 579 1207 635 et
1227 567 1427 654 lampadibus,

324 679 399 722 cum
415 664 603 721 sanctorum
625 653 767 740 reliquiis
797 665 828 718 et
850 653 997 718 crucibus
1019 652 1251 740 gloriosissime
1274 662 1428 738 susceptus

324 751 382 806 est.
427 739 574 806 Castrum
590 738 806 803 Laudiscrone
820 739 889 824 regi
903 739 1092 824 resignatur.
1176 739 1215 802 In
1236 737 1320 802 festo
1341 737 1428 798 sancti

210 844 265 886 uo.
277 844 312 884 11.
323 825 453 890 Martini
474 824 580 910 papal
583 868 1175 892 ....................
1191 820 1385 886 celebrauitc
1403 820 1429 882 in

323 952 829 978 .................
840 919 849 952 ¹
877 907 1021 993 exceptis
1049 901 1230 988 abbatibus,
1261 903 1429 990 prepositis

321 993 451 1058 decanis
462 990 595 1076 aliisque
606 988 811 1054 ecclesiarum
823 989 962 1077 prelatis,
977 1012 1112 1076 quorum
1123 1011 1187 1054 non
1198 999 1271 1054 erat
1280 1008 1429 1068 numerus,

326 1076 470 1162 exceptis
491 1074 624 1156 clericis,
645 1073 807 1138 monachis
829 1073 961 1161 aliisque
984 1076 1080 1139 totius
1102 1075 1221 1138 ordinis
1245 1082 1305 1138 aut
1326 1070 1431 1158 profes·

323 1161 422 1224 sionis
448 1161 534 1242 viris,
557 1181 692 1245 quorum
714 1158 882 1224 multitudo
911 1161 1089 1244 computari
1109 1180 1175 1223 non
1220 1167 1338 1226 oterat.

406 1245 483 1330 Ipso
495 1265 578 1308 anno
592 1243 785 1329 Saphatinus
797 1265 869 1306 cum
884 1241 956 1306 filiis
969 1244 1075 1308 fratris
1087 1245 1137 1308 sui
1149 1245 1172 1310 S
1225 1245 1288 1310 tini
1305 1240 1430 1308 reconci-

321 1326 426 1410 liatus,
436 1329 578 1393 exercitu
586 1329 705 1413 pariter
716 1348 833 1413 congre
857 1336 918 1410 at0,
928 1327 1147 1392 Ierosolimam
1158 1329 1305 1409 adeunt²,
1315 1333 1430 1412 repente

322 1433 420 1498 super
433 1413 612 1498 inprovisos
627 1422 659 1476 et
672 1410 769 1475 nichil
782 1349 879 1475 mabtl
890 1413 1088 1498 suspicantes
1104 1412 1296 1476 christianos
1311 1412 1430 1490 irruunt,

322 1517 447 1595 pacem,
465 1517 559 1581 quam
575 1494 678 1559 adhuc
694 1495 818 1561 duobus
833 1497 924 1560 annis
947 1497 1135 1562 servandam
1158 1498 1218 1562 sub
1240 1502 1429 1561 sacramento

322 1582 492 1646 ruramenti
503 1579 773 1661 confirmaverant,
785 1590 947 1666 rumpunt,
958 1593 1110 1663 sternunt,
1123 1583 1265 1681 capiunt,
1282 1579 1429 1658 occidunt,

323 1663 425 1747 villas,
436 1665 535 1746 vicos,
547 1662 652 1746 urbes,
664 1672 776 1744 castra,
790 1663 918 1729 castella
929 1666 1070 1766 capiunt,
1083 1666 1247 1754 diriprunt,
1264 1665 1430 1744 destruunt,

323 1750 470 1834 omnique
494 1746 679 1813 crudelitate
701 1759 892 1834 perpetrata,
919 1748 1042 1837 reliqua
1063 1752 1319 1838 circumquaque
1338 1750 1429 1848 posita

324 1835 420 1899 effera
446 1842 552 1897 mente
579 1833 723 1918 aggressi
752 1844 835 1898 sunt.
879 1833 952 1899 Hoc
973 1835 1146 1900 miserabili
1174 1857 1253 1900 casu
1277 1831 1430 1899 christiani

322 1918 417 1983 nimis
439 1915 609 1998 humiliati,
644 1915 850 2000 calamitates,
879 1921 1094 2001 contritiones,
1127 1918 1221 1984 cedes
1250 1918 1428 1996 occisorum,

322 2000 551 2066 desolationem
578 2001 676 2066 Terre
706 1999 822 2065 Sancte
852 2004 959 2067 statim
990 2025 1064 2068 cum
1090 2003 1295 2068 festinatione
1325 2001 1428 2064 domno

323 2106 407 2172 pape
434 2085 569 2149 Romam
598 2084 784 2150 denuntiare
813 2097 1005 2152 curaverunt
1036 2097 1082 2170 et,
1119 2088 1181 2151 nisi
1211 2087 1277 2153 sibi
1308 2083 1429 2150 celerius

327 2180 575 2251 succurreretur,
601 2170 708 2255 ipsum
729 2169 890 2234 modicum
912 2182 1004 2254 terre,
1031 2172 1118 2260 quod
1138 2171 1244 2237 adhuc
1265 2180 1428 2253 utcumque

322 2263 430 2319 tenere
441 2253 641 2334 videbantur,
657 2253 691 2316 in
706 2253 799 2318 brevi
813 2276 848 2318 se
862 2256 1036 2323 amissuros
1051 2257 1214 2322 verissime
1228 2253 1429 2321 testabantur.

324 2337 397 2419 Quo
418 2338 501 2402 tristi
521 2337 632 2401 nuntio
662 2358 747 2423 papa
774 2340 989 2426 universoque
1018 2339 1149 2404 concilio
1175 2341 1315 2404 nimium
1336 2345 1428 2400 mente

323 2430 534 2504 consternato,
557 2419 635 2519 quid
657 2421 835 2507 superbae
857 2433 923 2488 tam
945 2425 1108 2511 repentina
1130 2422 1219 2490 clade
1241 2425 1287 2489 ad
1309 2439 1428 2509 presens

323 2527 404 2590 opus
427 2514 518 2588 esset,
547 2504 604 2568 dru
625 2525 663 2569 ac
687 2507 762 2571 satis
784 2506 962 2593 suptilitere
984 2509 1025 2573 ab
1056 2508 1204 2573 omnibus
1226 2506 1427 2572 deliberatum

322 2598 401 2655 est³.
452 2588 609 2670 Quoniam
637 2589 737 2674 igitur
769 2590 933 2677 expeditio
961 2591 1127 2690 generalis,
1162 2615 1223 2678 que
1248 2585 1427 2658 universalis

323 2671 449 2738 concilii
481 2673 585 2737 edicto
607 2675 641 2737 in
660 2674 802 2738 futurum
824 2696 943 2739 annum
964 2685 1047 2740 mter
1068 2676 1209 2741 diversas
1231 2697 1345 2741 causas
1366 2691 1428 2758 pro·

322 2766 424 2824 tracta
454 2756 571 2840 fuerat,
604 2756 708 2821 laxari
738 2757 786 2823 fas
819 2782 884 2824 non
917 2770 997 2842 erat,
1033 2761 1181 2825 omnibus
1214 2783 1248 2824 se
1284 2754 1426 2844 expedire

321 2839 500 2907 valentibus
523 2842 608 2906 etin
631 2842 805 2907 continenti
825 2845 860 2908 in
880 2845 1007 2908 nomine
1029 2843 1162 2908 Domini
1186 2845 1233 2910 ire
1254 2839 1425 2909 volentibus

324 2948 410 3074 supp]
419 2924 640 3053 benedictione
662 2926 839 3012 apostolica
859 2926 1056 3014 indulgentia
1071 2928 1168 2994 eundi
1182 2951 1202 2992 a
1216 2927 1335 2993 domno
1349 2940 1426 3011 papa

322 3033 357 3076 1n
433 3020 504 3075 etur
550 3049 1425 3078 .............................

404 3032 604 3176 findewicus,
619 3093 703 3158 filius
714 3094 855 3182 Philippi
869 3097 955 3182 regis
966 3097 1111 3180 Francis,
1126 3095 1276 3183 Angliam
1291 3098 1326 3162 in
1341 3109 1426 3158 mauu

320 3177 428 3242 valida
447 3179 618 3264 ingressus,
640 3178 812 3265 plurimum
834 3189 917 3245 terre
931 3181 1082 3266 potestati
1097 3204 1153 3246 sue
1168 3181 1309 3268 subegit,
1331 3181 1425 3267 ipsum

322 3284 432 3348 regem
453 3284 552 3350 regno
575 3265 691 3349 partim
714 3263 825 3328 cedere
848 3266 1010 3351 compulit.

557 3362 652 3429 Anno
674 3364 834 3432 dominice
855 3368 1083 3432 incarnationis
1107 3369 1197 3434 1216.

202 3447 1025 3598 o

230 3644 282 3686 ras
290 3644 311 3685 a.
322 3555 428 3681 brucis
455 3556 659 3682 Fridericusp
668 3557 893 3683 rerrpcruiamg
903 3590 1044 3685 celebrat
1065 3619 1152 3705 apud
1179 3615 1424 3703 wirzeburge*-

321 3816 344 3868 a)
367 3827 449 3858 ecorr.
466 3817 514 3856 At.
588 3816 612 3869 b)
628 3829 689 3869 papa
707 3820 731 3860 in
752 3821 819 3870 cupite
840 3820 923 3871 lineae,
939 3821 1000 3861 ouius
1019 3819 1125 3871 reliquum
1154 3820 1248 3872 epatium
1266 3831 1355 3861 omum
1381 3811 1422 3854 Αἵ·

322 3875 343 3928 c)
361 3876 463 3918 cebravit
478 3879 503 3917 in
518 3878 581 3916 muto
597 3878 671 3927 bacae,
688 3880 750 3920 cutus
764 3881 801 3919 rel.
814 3890 847 3929 sp.
859 3872 956 3920 'aarum
972 3880 1021 3922 Al.
1066 3878 1089 3932 d)
1106 3881 1168 3920 mala
1183 3879 1228 3920 aa.
1273 3881 1295 3930 o)
1312 3882 1366 3930 rapt.
1382 3871 1422 3913 Aa.

321 3934 449 3987 odacrum
464 3938 570 3978 linearum
584 3939 678 3988 spatium
692 3949 783 3979 vacuum
798 3939 846 3981 At.
916 3939 940 3992 g)
956 3940 979 3982 k.
996 3939 1043 3982 kal.
1061 3939 1109 3981 Aa.
1172 3937 1196 3990 h)
1212 3939 1363 3986 wirzenburg
1377 3931 1416 3973 Η·

323 4104 351 4173 1)
365 4107 408 4159 De
420 4124 515 4174 mayoc
536 4105 642 4158 concilio
652 4099 830 4160 Lateruneuct‘
847 4127 930 4162 sermo
951 4118 1004 4172 est,·
1024 4109 1058 4175 of.
1072 4109 1156 4160 locum
1173 4107 1202 4160 ia
1219 4107 1312 4160 cursa.
1329 4105 1417 4168 Urlper

321 4179 396 4246 perrel
423 4180 537 4246 alibique
565 4179 678 4232 obvium.
754 4180 782 4250 2)
810 4184 887 4236 Haec
916 4199 947 4235 ero
966 4183 1046 4249 falso
1074 4199 1179 4234 rumore
1206 4191 1273 4233 nata
1299 4180 1420 4235 videnlur.

323 4249 352 4317 3)
374 4251 413 4319 uJ.
427 4252 575 4305 Innocentit‘
599 4254 742 4306 orationem
767 4257 796 4306 io
821 4257 929 4310 cucullio
949 4256 1074 4320 habitam,
1094 4255 1187 4307 Manat
1205 4255 1298 4320 XXII,
1317 4272 1346 4322 p.
1366 4245 1419 4299 963·

322 4323 351 4390 4)
368 4325 458 4378 Minue
477 4334 544 4379 recte
565 4326 637 4378 Oout.
657 4327 716 4381 ΙΙΙ.
735 4346 786 4383 rec.
808 4331 834 4382 B
853 4331 1005 4399 Numubery
1024 4329 1109 4383 babel.
