2942 4998
268 412 456 466 CHRONICA
475 409 588 464 REGIA
609 410 853 466 communem
873 414 906 465 A.
927 414 1007 464 1111.
1164 417 1197 466 51

448 585 619 638 Recentio
639 585 663 638 I.
683 587 777 638 codd.
797 584 832 637 A.

70 670 250 752 maximus,
272 671 464 737 Antiochiae
484 669 682 756 subiugator,
703 672 881 736 Turcorum
903 682 935 736 et
950 672 1200 739 Sarracenorum

69 755 188 835 victor,
210 755 398 819 moriuntur.
444 755 505 818 His
531 757 577 819 ita
603 757 713 840 gestis,
741 779 776 820 re
800 757 827 820 is
857 757 1028 855 optimates
1058 758 1201 844 quidam,

70 840 311 903 communicato
334 837 477 921 oonsilio,
499 859 630 926 papam,
658 843 714 924 qui
742 778 848 904 adbuc
877 863 911 903 1n
937 842 1027 926 regia
1054 841 1200 907 custodia

71 922 290 1006 detinebatur,
312 923 440 1005 adeunt,
468 935 609 1004 monent,
639 933 739 1006 orant,
767 933 804 988 ut
832 945 930 1010 super
955 926 1041 1010 regis
1069 927 1199 1011 negotio

70 1006 184 1070 mitius
206 1015 330 1089 tractet,
351 1008 498 1090 iniuriae,
520 1010 547 1072 si
563 1028 660 1094 quam
674 1006 829 1072 adversus
845 1030 879 1072 re
904 1031 955 1072 em
970 1006 1097 1092 habeat,
1120 1008 1199 1074 obli·

69 1092 225 1173 viscatur,
249 1090 342 1155 fedus
366 1112 439 1155 oum
459 1113 537 1177 rege
557 1092 658 1174 ineat3
682 1092 767 1176 regis
790 1090 853 1156 sibi
873 1031 1058 1157 ddelitatem
1078 1103 1111 1157 et
1126 1094 1198 1159 obe-

70 1173 230 1240 dientiam
252 1185 453 1262 proponunt3
476 1176 563 1240 omni
584 1175 680 1240 modo
703 1173 885 1259 sollicitant,
906 1183 943 1241 ut
964 1199 1026 1263 que
1072 1177 1137 1240 acis
1168 1189 1200 1242 et

69 1258 265 1323 concordiae
295 1267 368 1324 sunt
394 1281 468 1323 cum
497 1258 693 1345 primoribus
721 1261 812 1345 regni
841 1259 1011 1346 disponere
1039 1199 1197 1346 dignetur.

68 1343 145 1408 Rex
168 1343 238 1428 ipse
260 1342 397 1428 pedibus
427 1344 495 1408 eius
522 1343 684 1408 humiliter
710 1343 869 1429 profusus,
895 1345 1022 1410 veniam
1048 1344 1198 1431 postulat,

71 1426 290 1492 obedientiam
323 1426 386 1492 sibi
418 1427 565 1513 spondet,
599 1427 772 1492 dummodo
801 1429 831 1492 ei
857 1428 894 1492 in
923 1429 1013 1514 rogia
1041 1438 1198 1514 potestate

68 1511 141 1576 iure
162 1521 401 1576 antecessorum
416 1533 556 1595 suorum,
580 1510 809 1577 catholicorum
824 1533 947 1597 regum,
969 1513 1016 1576 uti
1031 1513 1197 1578 eone-edat.

70 1595 194 1682 Sicque
224 1597 333 1681 sepius
359 1595 513 1660 domnum
541 1618 670 1682 papam,
700 1606 736 1660 ut
763 1597 861 1660 animi
890 1597 1028 1681 rigorem
1056 1597 1097 1660 ali
1122 1619 1199 1661 uan-

67 1680 175 1766 tisper
200 1689 401 1764 temperaret,
427 1681 638 1765 attemptavit.
689 1679 834 1744 Tandem
857 1679 920 1744 Dei
948 1681 1052 1764 gratia
1077 1619 1197 1763 aderat,

68 1785 135 1850 que
158 1773 191 1828 et
210 1764 363 1828 domnum
385 1763 597 1850 apostolicum
619 1787 639 1828 a
660 1766 817 1830 sententia
838 1764 975 1850 pristina
987 1767 1198 1862 permutavit,

69 1856 104 1913 et
126 1847 282 1911 domnum
303 1871 422 1933 regem,
446 1850 473 1912 si
496 1847 574 1933 quid
594 1849 627 1911 in
649 1848 861 1933 apostolicum
877 1846 1019 1934 deliquit,
1043 1870 1086 1912 ex
1101 1847 1197 1914 corde

68 1933 220 2018 penituit.
257 1933 371 2031 Itaque
392 1954 452 1996 rex
474 1931 629 1995 domnum
644 1931 855 2018 apostolicum
870 1931 1045 1996 honorifice
1060 1933 1197 1996 Romam

69 2016 177 2080 redire
199 2017 353 2102 permisrt.
389 2016 538 2080 Domnus
553 2037 628 2081 vero
644 2015 838 2101 apostolicus
854 2016 1018 2096 Romanis,
1032 2026 1069 2081 ut
1082 2038 1196 2102 pacem

70 2109 104 2164 et
126 2100 331 2165 concordiam
354 2121 428 2164 curn
458 2123 535 2185 rege
563 2100 711 2182 habeant,
739 2099 920 2186 persuadet,
950 2122 1024 2164 cum
1053 2100 1197 2166 cardina·

69 2183 157 2248 libus
187 2185 366 2268 ceterisque
393 2186 539 2270 personis
569 2184 610 2247 ad
639 2183 702 2248 tale
728 2184 895 2269 negotium
923 2184 1029 2269 dignis
1056 2184 1096 2248 de
1123 2206 1197 2249 con·

69 2269 251 2333 secretione
273 2269 415 2332 eiusdem
438 2279 563 2333 tractat.
608 2268 733 2332 statuta
754 2278 861 2332 autem
884 2267 945 2348 die,
969 2267 1046 2331 ldus
1064 2267 1196 2354 Aprilis,
1206 2293 1261 2345 Aps.
1272 2294 1307 2336 ra.

68 2353 103 2414 in
125 2352 284 2416 aecclesia
305 2351 392 2418 beati
406 2353 503 2432 Petri,
525 2351 773 2438 cooperantibus
795 2353 902 2437 episco
928 2353 954 2414 is
977 2352 1018 2416 ad
1038 2352 1196 2440 hocopus

69 2437 264 2515 constitutis,
285 2437 487 2521 presentibus
502 2435 665 2500 Romanae
681 2433 835 2501 eeclesiae
851 2374 1075 2518 cardinalibus,
1092 2436 1196 2501 Theu-

67 2521 186 2584 toniois
209 2521 369 2606 episcopis
389 2519 622 2602 assistentibus,
644 2541 751 2584 eoram
764 2520 856 2604 regni
872 2520 1072 2669 principibus
1087 2543 1197 2607 regem

68 2625 144 2668 oum
168 2624 288 2688 magna
310 2604 413 2688 gloria
434 2605 467 2667 in
495 2606 720 2689 imperatorem
750 2615 926 2668 consecrat.
1008 2626 1061 2668 um
1088 2617 1195 2671 autem

66 2687 175 2752 clerus
197 2689 368 2752 missarum
391 2687 579 2773 sollempnia
600 2687 711 2753 festive
733 2688 884 2774 usquein
899 2710 972 2751 eum
990 2687 1108 2770 locum,
1130 2710 1194 2774 quo

65 2794 108 2858 po
136 2771 213 2836 ulus
234 2770 376 2835 fidelium
400 2774 635 2836 communicare
651 2771 740 2854 solet,
761 2770 939 2857 perageret,
962 2771 1099 2836 domnus
1118 2794 1195 2859 apo-

66 2866 115 2921 sto
132 2857 213 2939 cus,
229 2855 302 2920 dato
318 2855 453 2938 silentio,
468 2879 503 2920 re
527 2879 578 2920 em
592 2856 641 2920 his
656 2855 764 2920 verbis
779 2855 839 2919 allo
865 2856 964 2922 uitur:
981 2856 1063 2921 ‘Hoc
1077 2877 1194 2942 corpus

64 2940 193 3005 domini
222 2942 323 3004 nostri
349 2938 446 3004 Ihesu
474 2880 603 3022 cirion,
631 2950 743 3004 natum
770 2963 812 3004 ex
875 2941 944 3003 aria
970 2941 1106 3026 virgine,
1135 2963 1193 3026 pro

64 3025 171 3090 salute
193 3024 320 3109 generis
342 3023 474 3088 humani
496 3047 627 3123 passum
649 3033 683 3089 et
697 3023 896 3104 crucifixum,
919 3026 979 3089 sit⁸
994 3024 1193 3089 confirmatio

65 3131 164 3174 verae
187 3108 279 3193 pacis
301 3121 333 3172 et
355 3108 545 3172 concordreb
567 3109 650 3173 inter
671 3130 722 3171 me
745 3117 777 3172 et
799 3106 848 3173 te'.
892 3107 936 3170 Et
957 3110 1193 3172 communican-

64 3202 123 3275 teS,
148 3194 293 3256 invicem
315 3190 449 3256 osculati
470 3202 554 3257 sunt.
598 3193 709 3256 Tantis
737 3214 812 3256 vero
842 3189 1013 3255 sollemniis
1044 3191 1195 3258 decenter

88 3277 227 3357 erectis,
255 3277 430 3362 imperator
456 3275 609 3340 domnum
640 3274 852 3363 apostolieum
881 3277 977 3339 reiis
1008 3276 1194 3341 muneribus

64 3299 178 3442 donat,
201 3371 234 3425 et
247 3399 289 3409 —
303 3383 343 3426 ne
359 3360 485 3446 longius
501 3381 647 3426 sermone
662 3368 824 3446 protracto
839 3297 1001 3423 fastidium
1021 3358 1193 3424 lectoribus

408 3484 573 3538 Reccnaio
593 3486 634 3539 II.
654 3487 750 3539 codd.
771 3487 805 3537 B.
824 3483 851 3536 0.

65 3580 222 3630 invicem
251 3577 520 3641 concordantes,
542 3580 677 3631 Romam
697 3580 861 3641 redeunt,
887 3579 1097 3644 pacatisque
1125 3578 1192 3628 Ro·

65 3655 196 3715 manis,
216 3667 263 3701 rex
282 3652 315 3702 ab
335 3650 485 3718 apostolico
504 3653 532 3700 in
550 3653 738 3719 imperatorem
759 3657 945 3714 consecratum
969 3653 1013 3701 cui
1031 3653 1100 3702 inter
1121 3667 1191 3700 com·

65 3733 260 3786 municandum
282 3747 340 3783 cum
362 3732 454 3784 osculo
478 3735 576 3799 pacis
602 3734 803 3786 confirmande⁰
822 3717 954 3782 tradidit
975 3717 1192 3817 privilegium

66 3800 157 3886 quod
178 3809 302 3884 postea,
325 3820 363 3864 eo
385 3798 563 3881 recedente,
585 3801 678 3865 iussit
699 3802 808 3866 vocari
852 3801 1052 3886 ravilegrum‚
1083 3823 1192 3866 omnes

65 3885 99 3948 in
120 3893 217 3970 parte
240 3884 308 3947 eius
329 3883 500 3948 sentientes
510 3886 807 3974 excommunicans,
828 3823 930 3949 dorne
945 3884 1068 3970 synodo
1083 3883 1193 3950 habita

67 3977 180 4032 contra
204 3988 278 4032 eum
302 3968 362 4032 125
384 3967 640 4052 episcoporum1.

4 4141 10 4162 ⁵
67 4129 202 4182 alfitdl.
263 4128 288 4181 b)
304 4134 328 4171 et
344 4131 468 4171 concordie
483 4141 589 4180 repertor.
607 4131 657 4170 Al.
688 4145 717 4165 =
748 4129 769 4181 c)
786 4131 901 4172 aaaron.

69 4263 96 4328 1)
121 4264 203 4316 Haeo
222 4263 260 4314 ad
277 4263 397 4314 Annales
417 4260 446 4315 S.
459 4259 559 4316 Albani
577 4262 719 4328 reserando
738 4279 801 4326 ease,
820 4261 914 4315 statuit
932 4261 1050 4328 sca-B,
1063 4281 1096 4330 p.
1117 4264 1149 4312 21
1164 4281 1191 4316 n.

67 4336 120 4388 Sed
144 4336 241 4403 potius
261 4336 481 4402 Recenseldemes
500 4335 597 4388 Sciam
617 4353 649 4401 p.
667 4337 727 4387 101.
752 4334 890 4400 indicavit,
908 4336 1029 4402 fortasse
1055 4354 1114 4388 cum
1138 4336 1192 4389 illis

67 4410 233 4462 coniunctos.

918 4495 961 4558 4*
