2934 4998
453 1183 572 1249 PARS
600 1182 786 1250 OCTAVA.

294 1308 461 1362 Continentia
481 1311 575 1378 quinto
595 1308 637 1372 (S.
657 1308 831 1361 Pantalcooir
850 1307 951 1375 tertio).

413 1413 541 1501 [Anno⁸¹
563 1413 698 1478 Domini
723 1413 829 1502 1238}

143 1518 207 1581 Per
227 1515 313 1580 idern
334 1524 462 1601 tempus
483 1515 663 1580 Iohannesb
683 1515 870 1580 Leodiensis
892 1516 1062 1600 episcopus
1084 1517 1178 1580 mori-

50 1609 127 1681 tur,
163 1607 194 1664 et
222 1622 298 1686 pars
324 1599 549 1663 canonicorum
576 1599 773 1686 prepositum
795 1597 999 1684 Aquensem¹
1026 1599 1178 1665 Ottonem

51 1684 193 1770 eligunt,
219 1682 282 1747 alia
295 1704 373 1748 vero
388 1705 463 1768 pars
479 1681 686 1747 Wilhelmum
709 1681 880 1769 postulant,
902 1682 958 1830 gui
973 1682 1179 1750 consimiliter

51 1777 126 1832 erat
141 1766 260 1832 electus
276 1765 411 1832 ecclesie
425 1765 624 1833 Valentine0.
667 1769 782 1853 Itaque
794 1765 901 1832 Conna
925 1788 962 1829 us
978 1764 1177 1832 Coloniensis

51 1861 89 1916 et
104 1851 182 1918 Otto
197 1851 386 1917 Leodiensis
409 1851 500 1916 electi
521 1862 609 1917 trans
623 1849 725 1937 Alpes
747 1849 866 1915 adeunt
881 1858 985 1914 castra
998 1850 1177 1916 Friderici‘¹

53 1935 261 2022 imperatoris
282 1936 426 2000 Brixiam
451 1937 610 2000 civitatem
634 1935 809 2001 obsidentis
832 1936 915 1998 circa
936 1934 1053 1999 festum
1077 1935 1240 2000 sanetius».
1258 1951 1296 1992 2⁴·

53 2020 213 2086 Iohannis
234 2019 382 2104 babtiste,
409 2031 441 2086 ct
461 2020 600 2106 receptis
621 2020 663 2084 ab
685 2041 723 2084 eo
745 2016 916 2104 regalibus,
943 2019 1066 2104 absque
1088 2039 1178 2084 mora

51 2105 100 2170 ad
114 2105 248 2204 propria
258 2114 470 2170 revertuntur.
500 2105 680 2190 imperator
694 2111 802 2167 autem
813 2125 872 2189 per
886 2112 1017 2168 estatem
1033 2103 1175 2167 Brixiam

54 2186 220 2271 obsrdens,
242 2191 348 2252 inacte
364 2186 405 2252 ab
428 2188 594 2254 obsidione
613 2187 734 2254 recedit
754 2197 787 2252 et
807 2187 894 2272 apud
909 2186 1123 2252 Cremonam²
1146 2196 1177 2253 et

52 2274 90 2337 in
123 2273 239 2338 vicinis
270 2271 349 2337 locis
382 2272 523 2357 hyemat.
607 2273 699 2357 Papa
727 2271 770 2336 ad
801 2273 1026 2370 imperatorem
1059 2271 1176 2335 multos

51 2359 227 2443 episcopos
255 2356 366 2442 dirigit
394 2357 583 2438 monitores,
616 2365 652 2420 ut
684 2356 724 2421 ab
753 2356 878 2419 iniuriis
908 2353 1116 2420 ecclesiarum
1145 2364 1178 2419 et

53 2443 199 2507 maxime
213 2442 358 2506 Romane
380 2439 514 2506 ecclesie
536 2439 678 2505 desistat.
719 2439 899 2524 Imperator
916 2460 992 2504 vero
1013 2440 1094 2524 petit
1114 2437 1175 2503 sibi

52 2527 197 2612 exprimi
223 2526 357 2589 iniurias
379 2523 564 2612 singulatim
573 2535 596 2606 θ,
627 2531 659 2589 et
684 2523 727 2588 ad
748 2545 803 2587 eas
829 2523 1025 2588 obiectiones
1046 2545 1175 2609 respon-

53 2609 147 2689 dens,
177 2611 401 2696 responsiones
429 2630 504 2673 suas
533 2630 608 2672 cum
638 2608 872 2674 obiectionibus
898 2607 974 2672 fecit
1002 2608 1175 2691 conscribi;

53 2716 120 2780 que
135 2692 239 2759 littere
253 2702 366 2780 postea
380 2717 439 2780 per
449 2691 684 2758 Teuthoniams
698 2700 774 2755 sunt
787 2693 972 2757 transmisse
987 2701 1020 2756 et
1033 2692 1143 2756 audite
1152 2702 1175 2758 ³.

424 2776 521 2842 Anno
542 2776 677 2841 Domini
700 2775 814 2841 1239s

140 2862 320 2948 Imperator
347 2861 530 2926 Fridericus
557 2862 590 2924 in
618 2861 716 2924 ramis
745 2858 927 2946 palmarum
957 2861 1298 2928 excommunitatis

54 2954 149 3010 catur
178 2967 198 3008 a
225 2944 342 3011 domno
369 2967 457 3032 papa
480 2945 659 3030 Gregorio⁴
685 2953 818 3030 propter
848 2943 965 3008 multas
993 2954 1025 3008 et
1051 2943 1174 3009 validas

55 3050 183 3111 causas,
210 3052 276 3095 non
298 3030 444 3095 obstante
467 3029 674 3094 exornatione
693 3027 744 3093 vel
765 3029 973 3114 responsione
995 3049 1053 3114 per
1073 3027 1174 3114 impe-

55 3124 196 3180 ratorem
222 3114 316 3196 facta,
344 3123 382 3178 ut
408 3113 586 3200 predictum
616 3121 673 3178 cst.
716 3113 830 3198 Itaque
857 3133 943 3197 papa
971 3110 1091 3176 litteras
1121 3135 1175 3177 ex·

55 3199 355 3263 communicationis
370 3197 412 3262 ad
428 3220 537 3263 omnes
552 3197 651 3262 mittit
664 3196 847 3283 provincias
855 3207 877 3265 ⁵.
942 3195 1041 3259 Mittit
1055 3196 1175 3259 etiam1¹

55 3281 88 3345 in
127 3280 267 3347 Galliam
301 3279 443 3367 legatum
475 3281 698 3346 Prenestinum
738 3281 959 3379 eiscopum⁶‚
986 3279 1051 3365 qui,
1087 3288 1176 3344 metu

55 3366 260 3452 imperatoris
287 3375 409 3430 mutato
435 3364 558 3448 habitu,
580 3386 715 3450 regnum
781 3386 885 3462 ancre·
899 3385 1074 3449 ingressus,
1090 3383 1176 3512 (pro-

1113 3469 1162 3512 rce

79 3452 150 3514 onit
169 3449 211 3514 ad
241 3449 426 3515 mandatum
455 3471 540 3535 pape
562 3449 743 3512 Romanum
771 3449 942 3533 impenum
982 3447 1068 3534 quod
1163 3486 1175 3497 -

55 3471 166 3600 baturi
195 3555 320 3617 vacare,
352 3535 393 3597 a¹¹
421 3532 605 3598 Germanis¹
634 3531 805 3598 transferre
834 3533 868 3595 in
889 3496 1011 3614 Gallos,
1044 3531 1086 3596 ad
1112 3530 1175 3596 hoc

56 3695 81 3749 a)
97 3698 174 3737 duam
190 3697 249 3737 codd.
313 3694 338 3746 b)
353 3696 433 3737 Annos
448 3695 511 3746 nnnc
526 3696 664 3736 Leodtensts
679 3696 728 3735 Μ.
789 3693 810 3745 c)
827 3695 1061 3737 slectnsvntcntutae
1078 3693 1108 3748 (t)
1124 3695 1174 3738 Μ.

58 3745 193 3808 Μιεάοτ,
215 3756 255 3796 D2
277 3767 372 3806 serapem
398 3757 471 3796 varta
492 3760 585 3805 atraque
605 3755 715 3804 scriptura
736 3754 784 3794 Dl.
868 3751 890 3805 e)
906 3754 1027 3803 sigillatim
1049 3755 1106 3804 1213
1127 3755 1175 3794 stn-

58 3816 154 3864 oeulsttm
175 3816 216 3854 int.
232 3815 280 3854 Μ.
376 3813 562 3866 tl'reutonlcam
578 3814 625 3854 Μ.
717 3810 740 3863 g)
758 3813 822 3854 1238.
838 3813 915 3854 Dm.
1004 3812 1028 3864 h)
1045 3815 1108 3854 enlm
1124 3813 1175 3854 M.

57 3872 76 3926 t)
92 3875 185 3915 dicebat
199 3874 249 3914 Μ.
307 3872 333 3925 k)
349 3874 404 3914 mart
420 3874 469 3915 Μ.
529 3871 546 3924 1)
562 3872 673 3914 Romants
689 3872 737 3913 Dr.

60 4006 88 4073 1)
107 4015 132 4058 ct
149 4005 348 4058 Traiecteasem.
386 4003 416 4072 2)
435 4004 484 4055 Ubi
501 4002 565 4056 iude
579 4021 695 4056 amensa
709 4003 852 4056 Nouembri
863 4004 930 4070 fuit.
969 4003 998 4072 3)
1019 4001 1061 4070 CJ.
1074 4004 1175 4058 litteras

57 4077 267 4146 Herodotum,
292 4076 494 4143 Wormatt'enst's,
520 4077 690 4130 Vercellemir
716 4095 748 4129 ac
766 4075 918 4130 Parmensis
938 4077 1119 4143 episcoporum
1138 4078 1175 4130 od

53 4170 157 4219 papam
176 4153 220 4205 dic
239 4153 283 4204 28.
302 4169 337 4203 m.
353 4151 469 4203 Octobris
489 4152 569 4203 1238.
588 4151 702 4204 directas
721 4168 765 4217 up.
781 4150 1084 4216 Huillard-Brtltollca
1103 4151 1174 4204 Hiar.

57 4226 123 4291 dipl.
140 4225 170 4290 V,
185 4225 340 4276 249-268.
359 4225 393 4276 A.
432 4222 462 4290 4)
475 4223 630 4276 Formulom
643 4223 917 4276 accommodationis
932 4224 1050 4277 invenies
1063 4227 1177 4292 exempli

56 4299 145 4366 qratia
163 4297 193 4350 ia
212 4299 311 4350 Ausul.
331 4297 418 4362 stau,
438 4295 489 4350 HS.
504 4297 584 4362 XVI,
599 4315 631 4364 p.
651 4298 703 4348 363
723 4315 779 4364 sqq.
815 4295 849 4348 A.
924 4295 1091 4366 emotae,
1109 4300 1174 4368 Rea.

54 4389 84 4438 p.
104 4373 157 4422 347
177 4390 220 4424 or.
241 4372 302 4425 140.
324 4373 385 4422 141.
461 4370 490 4438 6)
510 4369 644 4423 Iacobum.

905 4466 944 4531 18
