2970 4996
280 366 320 416 08
475 361 662 416 ausonici
681 359 792 412 ancli
813 360 1056 412 COLONIENSIS
1075 362 1108 412 A.
1131 359 1209 412 11⁶8.

649 532 811 584 Benenato
836 532 862 583 Ι.
886 533 980 587 codd.
1004 530 1038 584 A.

282 631 428 686 mentum
448 618 571 684 itineris
585 617 737 700 facerent,
761 626 882 682 mutata
902 617 1055 705 superbia
1069 617 1123 682 illa
1137 639 1201 705 qua
1215 627 1289 684 ante
1305 619 1413 683 cesari

285 705 526 783 mandaverant,
559 699 682 767 scilicet
705 723 770 766 non
799 701 861 765 sibi
888 723 1018 767 neeesse
1051 725 1137 785 esse,
1170 710 1206 765 ut
1236 722 1271 766 se
1303 723 1412 788 usque

284 788 503 854 Mediolanum
524 786 580 852 fati
605 795 682 868 aret,
705 787 857 871 quoniam
879 786 966 872 apud
989 786 1118 851 Aduam
1139 785 1274 850 fluvium
1296 787 1326 850 ei
1342 785 1412 850 vel-

283 873 350 940 lent
365 893 542 939 occurrere.
578 808 692 956 ftaque
708 869 840 956 quidam
855 892 897 934 ex
912 869 1066 936 militibus
1081 869 1152 935 freti
1167 871 1306 953 audatia,
1331 869 1412 935 sub·

284 959 371 1023 vecti
391 954 527 1021 fortibus
548 955 651 1041 equis,
676 952 809 1018 fluvium
831 954 1039 1019 transvadare
1062 964 1227 1040 ceperunt,
1250 964 1298 1019 set
1314 953 1412 1018 multi

285 1065 327 1108 ex
359 1042 437 1127 ipsis
465 1039 628 1103 nimietate
655 1038 815 1102 undarum
842 1039 944 1123 pressi
965 1039 1095 1104 submer
1119 1039 1263 1122 ebantur,
1295 1037 1412 1138 aliqui,
1480 1109 1482 1124 ,

1479 1131 1482 1280 l

284 1148 375 1211 equis
397 1123 581 1203 submersis,
603 1122 660 1186 vix
681 1132 859 1204 evaserunt,
882 1145 919 1187 ac
936 1123 1094 1209 quosdam
1143 1122 1412 1205 ediolanensium,

309 1231 368 1273 uos
399 1209 432 1271 in
459 1209 530 1291 ripa
553 1204 766 1289 offenderant,
788 1206 990 1292 fugaverunt.
1018 1208 1130 1272 Boemi
1152 1229 1227 1272 vero
1245 1207 1411 1293 quendam

284 1231 569 1376 deLongobardis
597 1291 770 1375 capientes,
802 1291 896 1355 minis
920 1300 1130 1374 extorserunt,
1163 1301 1199 1356 ut
1221 1292 1266 1356 eis
1287 1291 1413 1356 vadum

284 1377 435 1441 torrentis
458 1374 669 1443 ostenderet&
708 1375 781 1455 Quo
804 1374 1031 1456 demonstrato,
1055 1377 1202 1440 certatim
1223 1376 1411 1458 evadentes,

285 1461 455 1524 constratis
480 1458 632 1545 pontibus
661 1468 765 1522 tutum
787 1461 873 1523 omni
896 1461 1052 1525 exercitui
1074 1460 1241 1525 transitum
1262 1459 1413 1526 fecerunt

309 1567 344 1610 er
366 1543 517 1609 triduum.
546 1542 645 1608 Cesar
666 1563 744 1607 vero
767 1553 802 1608 ut
825 1541 990 1609 ulteriores
1013 1545 1119 1630 attigit
1139 1546 1237 1630 ripas,
1258 1567 1292 1609 re
1316 1545 1412 1608 iones

321 1627 573 1694 ediolanensium
603 1627 790 1713 ingreditur,
823 1650 897 1692 eum
927 1650 1003 1694 ecce
1025 1628 1201 1714 Papienses
1224 1637 1255 1693 et
1305 1649 1411 1695 remo-

1479 561 1481 644 l

284 1736 399 1779 nenses
432 1735 506 1777 eum
538 1711 646 1777 valido
679 1712 823 1777 exercitu
855 1735 889 1776 se
922 1713 951 1776 ei
979 1715 1161 1794 iunxerunt,
1199 1713 1255 1798 qui
1283 1722 1315 1777 et
1344 1712 1411 1799 ipsi
1479 1707 1483 1732 ¹

284 1799 408 1862 inimici
430 1806 522 1861 erant
544 1794 840 1860 Mediolanensium.
872 1795 939 1861 Nee
963 1819 1060 1875 mora,
1084 1805 1226 1860 castrum
1249 1799 1302 1860 cui
1323 1797 1411 1860 Trit-

285 1883 419 1950 ciunt-1
442 1901 558 1945 nomen
581 1890 637 1961 est,
672 1880 727 1946 ubi
749 1880 893 1966 presidia
914 1880 1203 1946 Mediolanensium
1226 1891 1325 1962 erant,
1354 1880 1411 1944 ob-

285 1988 409 2031 sessum
433 1975 595 2050 ceperunt.
622 1965 804 2050 Imperator
818 1986 894 2029 vero
909 1965 1111 2030 Mediolano⁰
1133 1967 1411 2051 appropinquans,

284 2050 432 2138 premisit
466 2047 701 2113 marscalcumd
724 2070 817 2112 suum
840 2071 914 2112 cum
941 2049 1169 2130 humiliabas,
1207 2057 1242 2113 ut
1273 2049 1410 2130 videret,

286 2156 349 2219 quo
378 2131 449 2197 loco
480 2142 585 2196 castra
614 2133 732 2197 cesaris
759 2134 846 2196 circa
873 2133 1036 2197 civitatem
1065 2134 1254 2198 locarentur.
1299 2134 1410 2199 Secuti
1483 2175 1484 2184 κ

285 2226 361 2281 sunt
371 2226 479 2280 autem
495 2216 632 2281 eundem
647 2215 859 2280 marscalcum
873 2216 1049 2303 plusquam
1058 2219 1121 2282 500
1133 2215 1257 2299 milites,
1271 2240 1409 2303 quorum

286 2300 326 2366 de
338 2321 469 2364 numero
486 2321 592 2364 eomes
605 2301 774 2366 Austriae²
788 2301 1012 2365 Ekkebcrtus⁰
1034 2303 1163 2367 nomine
1185 2312 1263 2384 erat,
1285 2302 1343 2366 abs
1368 2325 1409 2367 ue

284 2386 376 2450 iussu
397 2387 598 2469 imperatoris
613 2407 685 2448 eum
701 2383 762 2448 illis
779 2385 949 2469 profectus.
976 2387 1149 2451 Venientes
1164 2387 1272 2484 itaque
1287 2325 1410 2451 Medio·

284 2468 403 2550 lanum,
415 2470 527 2534 vident
538 2470 700 2534 civitatem
713 2470 800 2534 omni
811 2478 900 2555 parte
913 2471 1078 2553 munitam,
1091 2471 1246 2536 obseratis
1258 2471 1409 2536 omnibus

285 2553 419 2618 firmiter
440 2555 551 2638 portis,
575 2564 606 2618 ct
620 2575 679 2617 nec
696 2575 808 2617 sonum
824 2555 856 2617 in
872 2575 909 2618 ea
924 2552 1066 2640 aliquem
1083 2554 1211 2618 omnino
1226 2553 1409 2621 facientem.

286 2636 533 2703 Considerantes
556 2638 651 2724 ergof
678 2660 752 2701 cum
775 2639 883 2702 ociosa
905 2639 1119 2724 oportunitate
1142 2639 1312 2720 civitatem,
1345 2639 1409 2704 fos-

285 2729 366 2801 sata,
399 2729 514 2786 stratas
536 2730 568 2785 et
590 2723 672 2804 loca,
699 2721 756 2784 ubi
778 2722 885 2807 aptius
909 2733 1240 2804 castrametarentur,
1274 2722 1409 2806 nullum,

611 2901 777 2953 Recensio
802 2903 843 2953 ΙΙ.
871 2904 961 2956 codd.
988 2905 1022 2956 Β.
1049 2905 1076 2957 0.

286 3002 419 3069 quendam
445 3001 653 3066 Lougobardum
686 3005 832 3069 capientes,
866 3005 943 3055 minis
978 3011 1153 3067 extorserunt,
1178 3013 1208 3057 ut
1239 3008 1277 3057 eis
1308 3005 1407 3056 vadum

285 3077 402 3128 fluminis
426 3075 588 3138 ostenderet,
615 3080 648 3125 et
672 3077 723 3126 sic
748 3077 877 3126 demum
904 3079 1045 3130 constratis
1072 3079 1197 3144 pontibus
1218 3096 1265 3146 per
1289 3078 1407 3130 triduum

284 3149 474 3200 incolumis
490 3150 636 3201 transivit
655 3150 786 3201 exercitus
807 3151 901 3201 omnis.
940 3152 1025 3203 Post
1039 3152 1101 3202 hoc
1121 3153 1268 3218 Papienses
1290 3158 1316 3203 et
1341 3151 1406 3204 Cre-

285 3238 428 3274 monenses
449 3239 509 3274 cum
528 3223 618 3272 valido
636 3225 755 3273 exercitu
781 3240 809 3274 se
835 3225 1043 3290 imperatori
1064 3228 1315 3291 coniungentes,
1342 3227 1408 3292 quia

285 3302 313 3348 et
321 3297 375 3362 ipsi
385 3298 475 3348 hostes
486 3296 726 3347 Mediolanensium
738 3297 897 3357 existebant,
920 3304 1066 3364 repente
1078 3304 1193 3349 castrum
1207 3300 1250 3349 cui
1260 3300 1406 3350 Trittiumss

284 3385 384 3421 nornen
405 3376 470 3433 erat,
489 3370 536 3420 ubi
560 3369 679 3436 presidia
704 3369 947 3421 Mediolanensium
967 3366 1101 3434 fueranth,
1121 3372 1277 3423 obsidentes
1298 3378 1331 3422 et
1350 3388 1406 3423 ex·

284 3450 480 3511 pugnantes
506 3449 643 3510 ceperunt.
688 3444 837 3509 Imperator
862 3460 925 3494 vero
951 3439 1130 3496 Mediolanioi
1156 3442 1407 3512 appropinquansk,

284 3517 405 3583 premisit
423 3515 600 3566 marscalcum
614 3532 690 3567 suum
704 3532 764 3566 cum
781 3518 815 3567 60
830 3516 959 3569 militibus
979 3517 1020 3567 ad
1036 3519 1290 3584 investiganda
1309 3535 1405 3585 opor·

285 3594 373 3639 tuna
400 3594 575 3640 castrorum
600 3585 690 3639 local.
729 3590 858 3652 Quibus
887 3590 964 3641 dum
983 3607 1017 3642 se
1036 3591 1207 3642 Eiskebertns
1233 3607 1323 3642 comes
1351 3594 1406 3643 iiu-

284 3662 366 3712 striae
387 3675 459 3710 cum
476 3659 529 3709 500
550 3668 583 3712 ot
609 3678 645 3712 eo
665 3662 813 3728 amplius
834 3663 985 3716 militibus
1004 3665 1195 3728 sociasset,
1216 3665 1406 3717 consideratis

286 3737 455 3784 castrorum
475 3732 581 3796 locis,
602 3733 675 3785 dum
696 3735 825 3799 redirent,
847 3743 874 3787 et
894 3753 983 3792 eomes
1003 3737 1184 3805 predictus
1204 3738 1406 3803 aliquantu·

284 3892 308 3945 a)
325 3894 476 3937 ostenderent
498 3897 548 3937 ΑΙ.
638 3895 662 3949 b)
684 3897 797 3940 Trietium
813 3901 863 3942 Aa
961 3901 983 3954 c)
1006 3905 1030 3942 et
1051 3902 1082 3940 ii.
1099 3902 1154 3953 stt
1177 3902 1337 3942 Mediolanum
1353 3902 1404 3944 ΔΙ.

285 3951 309 4005 d)
337 3965 366 3996 m.
390 3965 408 3996 s.
436 3966 454 3996 c.
476 3956 505 3998 10
529 3967 559 4000 nr.
582 3969 604 4008 p.
626 3957 677 3997 Ai.
767 3957 789 4011 e)
812 3960 955 4003 Bokeberius
978 3961 1018 4001 Ai
1042 3971 1131 4010 semper.
1222 3959 1240 4012 i)
1263 3963 1335 4010 igitar
1354 3963 1407 4002 ΑΩ.

283 4011 491 4122 {Laelagpuoci'tpm
508 4016 551 4058 02.
618 4015 643 4068 h)
659 4021 725 4058 orant
741 4017 783 4060 Oi.
852 4018 869 4070 i)
886 4020 1020 4060 Mediolano
1037 4020 1080 4060 Oi.
1154 4019 1178 4071 ir)
1194 4021 1337 4070 appropians
1359 4019 1403 4064 02.

286 4200 314 4268 1)
339 4199 451 4267 Pronum·
479 4207 533 4258 iam
553 4214 633 4260 anteo
651 4217 773 4276 copiam,-
794 4229 821 4264 o.
849 4209 987 4262 Lehmann
1011 4227 1039 4276 p.
1066 4211 1110 4273 36,
1136 4209 1183 4276 qui
1207 4210 1285 4262 etiam
1311 4210 1345 4262 de
1365 4227 1406 4264 sc·

284 4275 422 4341 quantitas
445 4279 539 4345 sacius
564 4283 623 4350 eyia
698 4282 727 4351 2)
758 4285 792 4336 de
817 4284 968 4352 Bubingov,
998 4282 1098 4336 Orionis
1122 4283 1194 4337 Fris.
1220 4290 1288 4337 cont.
1308 4282 1406 4339 doubt.

283 4365 306 4401 e.
329 4350 371 4415 ii,
391 4347 442 4403 SS.
460 4351 520 4416 XX,
535 4371 566 4420 p.
587 4357 649 4408 308.
