2934 4998
88 404 275 458 CHRONICA
287 405 401 457 REGIA
415 404 667 458 COLONIENSIS.
687 404 847 458 CONT.1V.
866 405 898 458 A.
911 406 990 458 1224.
1003 406 1082 456 1226.
1121 405 1174 457 255

145 573 219 637 Hoc
245 594 327 637 anno
353 583 422 639 erat
447 573 572 660 hiemps
593 574 782 660 longissima
814 583 846 638 et
867 572 961 638 valde
989 576 1174 661 asperrima,

49 656 161 722 fames
183 658 284 722 eciam
305 678 422 744 magna
444 666 475 722 et
496 657 648 740 inaudita,
670 681 728 744 per
749 656 913 724 biennium
934 658 1123 744 perdurans,

422 741 539 806 Ann0⁸
562 743 694 807 Domini
717 743 807 808 1225.

145 826 317 891 Heinricus
344 849 403 891 rex
430 828 553 890 curiam
582 825 696 892 habuit
716 825 990 911 Frankinvorth⁴3
1022 826 1077 892 ubi
1107 827 1174 912 qui-

51 909 136 975 dam
167 911 357 997 episcopus²
388 911 504 974 missus
532 934 654 996 aroge
682 910 799 996 Anglie
827 933 900 975 cum
930 912 1043 977 ceteris
1073 912 1175 975 isius

50 993 175 1079 legatis
196 995 297 1076 affuit,
319 992 479 1075 laborans,
500 995 566 1060 uti
592 1018 626 1059 se
647 1018 706 1060 rex
722 996 959 1060 matrimonium
975 933 1176 1064 contraheret

50 1100 135 1142 cum
159 1100 267 1144 sorore
288 1080 373 1178 regis
394 1079 520 1165 Anglie.
565 1017 630 1144 god
658 1103 732 1144 cum
760 1079 832 1144 talis
863 1089 1043 1144 contractus
1066 1077 1175 1166 displi-

51 1165 181 1228 cuisset
201 1163 401 1251 principrbus
429 1186 488 1228 nec
511 1164 669 1250 potuisset
696 1163 814 1230 babere
843 1186 1040 1251 processum,
1066 1163 1177 1228 nuncii

50 1249 168 1312 inacte
189 1256 401 1313 revertuntur.

145 1332 272 1396 Eodem
293 1354 377 1396 anno
400 1331 530 1418 quidam
551 1331 737 1397 heremitico
759 1332 870 1397 habitu
890 1332 1020 1397 indutus
1042 1355 1062 1396 a
1083 1331 1176 1396 Flan-

51 1415 252 1480 drensibus⁰
284 1427 316 1481 et
343 1416 622 1501 Hanaugiensibus
647 1439 706 1502 pro
731 1427 779 1482 ter
806 1415 1045 1482 similitudinem
1071 1414 1177 1480 vultus

52 1510 194 1587 putatus
217 1510 265 1566 est
278 1501 375 1564 fuisse
391 1522 497 1566 comes
512 1503 655 1586 ipsorum
670 1439 846 1564 Baiduinus
856 1502 879 1582 ⁶,
903 1502 958 1586 qui
972 1510 1046 1565 ante
1060 1499 1177 1565 multos

53 1607 164 1649 annos
199 1584 585 1671 Constantinopolitanum
619 1585 755 1672 adeptus
793 1585 964 1671 imperium
996 1586 1031 1648 in
1059 1583 1177 1649 Grecia

52 1671 211 1756 perierat,
227 1671 310 1734 sicut
320 1671 414 1735 docet
425 1669 558 1734 historia
567 1680 589 1751 ³,
605 1680 638 1735 et
650 1669 692 1734 ab
706 1670 786 1755 ipsis
801 1669 862 1734 ad⁶
878 1669 1031 1733 honorem
1042 1669 1177 1734 comicie

52 1753 196 1840 rapitur.
239 1753 304 1834 Qui
325 1777 383 1839 per
404 1753 485 1818 duos
506 1775 632 1818 menses
653 1775 803 1839 magnam
841 1762 943 1818 artem
964 1753 1065 1818 terref
1084 1774 1177 1816 occu·

54 1859 154 1925 pans,
178 1847 291 1902 ornatu
312 1837 471 1924 imperiali
485 1848 690 1924 purpuratus,
711 1859 805 1924 prece
830 1847 901 1902 ente
916 1859 950 1902 se
965 1859 1069 1918 cruce,
1093 1838 1178 1901 sicut

54 1943 131 1986 mos
164 1930 212 1986 est
245 1921 491 2009 imperatoribus
525 1922 734 1988 Constantino
760 1921 845 2004 olim,
882 1944 902 1985 a
933 1944 1007 2007 rege
1039 1922 1177 1987 Francis

54 2007 234 2071 Ludcwicc
261 2016 339 2092 aput
360 2008 518 2071 Peronam
546 2006 710 2072 castellum
731 1945 938 2072 ipsiromanffie
960 2007 1177 2087 examinatum

49 2089 119 2154 'ubi
142 2090 287 2155 detecta&
316 2092 384 2155 eius
411 2089 537 2156 fallacia
558 2115 577 2156 a
598 2115 632 2156 re
657 2114 683 2173 e,
712 2102 803 2178 parte
829 2101 937 2156 tamen
963 2112 1093 2156 suorum
1114 2089 1179 2154 sibi

54 2174 242 2256 adherente,
264 2176 479 2261 proficiscitur
500 2199 613 2242 versus
633 2114 811 2257 sboloniam,
834 2175 943 2239 dicens
966 2197 999 2238 se
1021 2173 1178 2238 auxilium

56 2281 196 2346 querere
217 2259 258 2324 ab
280 2259 470 2345 Engilberto
493 2260 744 2346 archiepiscopo,
774 2261 829 2346 qui
850 2269 927 2324 tunc
949 2259 1040 2346 regni
1061 2260 1177 2324 Teuto-

55 2344 127 2408 nici
142 2343 359 2428 gubernacula
373 2343 511 2410 tenebat.
544 2345 610 2410 Ubi
626 2368 659 2410 se
674 2345 784 2409 furtim
799 2344 989 2408 subtrahens
1010 2367 1031 2408 a
1045 2365 1177 2408 suorum

56 2431 239 2507 consorcio,
273 2429 435 2514 solivagus
457 2429 591 2513 aufugit,
613 2429 854 2516 archiepiscopo
877 2449 1053 2514 numquam
1074 2429 1175 2493 visos

54 2514 140 2577 Post
164 2512 326 2576 modicum
353 2514 387 2577 in
408 2513 598 2598 Burgundia
626 2514 754 2598 agnitus
783 2524 814 2578 et
840 2513 998 2595 detentus,
1027 2512 1062 2576 in
1082 2512 1176 2576 Flan-

55 2596 165 2661 driam
199 2597 365 2678 reductus,
401 2608 479 2684 aput
509 2597 614 2663 Risle⁵
655 2596 820 2662 castellum
852 2597 1003 2662 Flandrie
1033 2596 1177 2683 patibulo

57 2681 203 2763 eleustus
225 2681 339 2767 laqueo
360 2682 459 2746 vitam
480 2683 560 2764 finit,
583 2704 702 2766 magna
721 2692 812 2768 parte
834 2681 936 2768 plebis
958 2682 1082 2747 eciamh
1103 2690 1177 2768 post

56 2777 196 2830 mortem
219 2767 325 2852 ipsum
347 2767 444 2832 fuisse
466 2789 578 2832 verum
601 2767 750 2831 comitem
773 2767 1008 2834 contendentei.

145 2849 227 2914 Item
254 2851 323 2937 ipso
352 2873 435 2915 anno
458 2852 486 2916 7.
507 2851 585 2916 Idus
607 2850 798 2916 Novembris
820 2851 1026 2936 Engilbertus
1046 2872 1240 2915 venerarios.
1250 2873 1270 2918 τ.

57 2932 135 2999 bilis
147 2932 346 2999 Coloniensis
358 2935 492 3000 ecclesie
503 2937 774 3022 archiepiscopus
786 2937 899 3020 paterk
909 2945 1016 3000 nostre
1022 2935 1125 3021 patrie
1133 2935 1176 2998 etl

58 3019 161 3083 decus
173 3019 360 3102 Theutonic,
372 3018 449 3084 heu!
468 3023 613 3085 acomite
624 3020 669 3107 ,de
684 3020 900 3103 Isenbergmr,
913 3030 1048 3105 cognato
1063 3019 1176 3105 ipsius,

57 3103 287 3168 miserabiliter
299 3104 486 3169 trucidatur.
531 3104 698 3192 Siquidem
712 3104 777 3166 iam
792 3103 898 3167 dictus
914 3124 1020 3190 comes
1034 3100 1176 3186 regalem

59 3187 232 3252 ecclesiam
254 3189 289 3252 in
303 3188 493 3271 Esende”·',
516 3189 607 3254 cuius
628 3189 714 3252 idem
735 3187 912 3252 advocatus
935 3187 1013 3266 erat,
1035 3185 1176 3251 violenta

60 3273 270 3358 oppressione
306 3272 486 3354 lacerabat,
523 3274 668 3338 homines
705 3272 789 3336 dicte
825 3270 959 3336 ecclesie
996 3270 1175 3336 durissimis

59 3357 202 3441 angariis
217 3367 249 3422 et
262 3358 460 3443 parangariis
476 3357 658 3442 affligendo.
702 3358 807 3437 Quem
829 3378 902 3420 cum
924 3355 965 3421 ab
979 3355 1040 3418 hac
1059 3355 1176 3425 iniuria

59 3440 247 3528 prohiberet
267 3441 536 3529 archiepiscopus,
567 3442 622 3529 qui
647 3454 723 3507 tunc
745 3441 913 3506 Teutonici
933 3441 1024 3526 regni
1044 3437 1176 3514 tutelam

61 3640 84 3693 a)
98 3653 155 3693 μαι
169 3647 365 3693 erquumurusqoe
373 3643 402 3682 ad
410 3655 431 3683 a.
444 3643 509 3685 1226.
525 3643 645 3681 altomonte
653 3642 734 3692 scripto
742 3645 793 3680 aaut
801 3641 821 3680 B
831 3643 850 3681 1.
888 3639 912 3692 b)
921 3638 1092 3680 Franktnvorth
1101 3638 1144 3680 01.
1153 3640 1174 3688 2,

62 3700 83 3752 c)
99 3702 266 3743 Flandresibue
283 3703 330 3752 013
353 3702 544 3744 Flandriensibun
561 3702 603 3743 02.
691 3701 714 3753 d)
730 3701 878 3740 Baldcwinus
899 3701 940 3741 01.
950 3701 970 3740 2.
1053 3696 1076 3749 e)
1092 3701 1115 3738 et
1131 3698 1175 3739 02.

62 3757 153 3812 odem
170 3761 213 3802 01.
223 3762 242 3801 2.
281 3761 304 3813 3)
320 3762 413 3801 deust·
429 3762 470 3802 01.
481 3762 501 3801 2.
539 3757 685 3811 h)et01.t.
724 3757 741 3810 i)
759 3759 1010 3802 contendentem.
1046 3754 1071 3807 k)
1088 3769 1110 3806 p.
1121 3768 1143 3796 u.
1152 3767 1175 3806 p.

62 3823 85 3860 et
100 3821 122 3862 d.
139 3821 166 3859 '1'-
182 3821 227 3860 ulta
242 3831 315 3868 manu,
331 3826 356 3861 ut
370 3821 460 3868 viduor,
476 3821 499 3860 in
514 3820 560 3859 loco
575 3831 626 3859 roco
643 3820 690 3859 Bl.
734 3816 752 3870 l)
769 3823 792 3860 et
807 3820 876 3859 decus
892 3821 935 3860 der.
952 3818 995 3859 02,
1046 3813 1077 3866 m)
1093 3817 1177 3856 Yscm-

61 3879 131 3919 berch
148 3881 189 3921 01.
248 3879 274 3932 n)
289 3881 395 3921 Escendc
411 3881 453 3922 01.

65 4028 93 4097 1)
107 4031 200 4097 potius
224 4031 323 4082 Ulmae.
399 4028 428 4097 2)
449 4029 577 4081 Woitcrus
602 4029 738 4096 episcopus
764 4029 797 4080 de
823 4027 948 4087 Ocrlisle5
978 4027 1012 4091 cf.
1039 4026 1176 4090 epistolum

63 4105 118 4156 eius
137 4122 181 4170 op.
194 4101 382 4170 Ohompolliom
396 4103 505 4156 ‘Lettres
521 4104 567 4155 des
581 4103 636 4155 rois
648 4103 681 4154 de
696 4100 806 4154 Froncc'
819 4102 845 4166 I,
859 4103 902 4152 44.
919 4106 943 4152 et
955 4099 1057 4158 Fictor,
1071 4098 1177 4166 ‘Repel-

63 4177 123 4230 bert'
139 4197 171 4246 p.
192 4179 255 4230 347.
331 4175 360 4243 3)
379 4177 421 4228 De
440 4176 573 4228 Betucius·
595 4185 676 4228 morte
699 4175 770 4227 nihil
789 4176 819 4226 iu
842 4175 893 4226 hac
916 4172 1040 4224 chronica
1065 4173 1178 4224 relatum

63 4261 108 4304 cst.
184 4252 215 4318 4)
234 4251 319 4302 Aliter
337 4250 460 4302 tilbertus
479 4250 556 4303 stad.
577 4269 601 4303 a.
623 4250 703 4300 1224.
717 4267 748 4316 p.
762 4249 828 4313 3585
848 4250 882 4314 cs.
902 4247 996 4298 Fictor
1009 4247 1026 4297 l.
1040 4247 1058 4298 l.
1067 4264 1097 4312 p.
1109 4244 1177 4305 248,-

62 4325 200 4377 Lehmunn
214 4343 245 4392 p.
260 4327 304 4377 66.
344 4321 373 4388 ὃ)
387 4325 489 4391 Byseai,
502 4324 580 4378 [fille.
623 4322 651 4390 6)
670 4323 711 4374 De
730 4339 758 4374 eo
777 4325 810 4389 cf.
830 4321 989 4382 Lceomblet,
1009 4319 1178 4374 ‘Urhundonz

65 4399 137 4452 buch’
156 4409 203 4453 etc.
223 4399 276 4464 IV,
292 4416 321 4464 p.
344 4399 405 4450 ⁷90.
425 4399 514 4451 adnot.
535 4398 566 4452 P.
643 4395 670 4462 7)
690 4397 783 4449 Esses.
