2924 5006
309 388 364 437 210
421 385 610 439 cononici
628 384 741 437 REGIA
761 384 1009 437 COLONIENSIS.
1030 385 1133 439 cotis.
1147 385 1201 438 III.
1219 385 1253 436 A.
1269 383 1351 434 1203.

709 557 871 610 Beccnsic
890 557 915 609 Ι.
935 567 964 610 et
982 559 1029 611 II.

232 645 376 710 nouribi
402 646 559 730 impensis
581 666 681 729 super
703 667 811 708 omnes
834 642 918 708 ulios
940 645 1131 728 confidebat,
1152 647 1250 708 mittit
1273 645 1321 708 ad
1343 665 1432 707 ener-

310 730 410 796 citum
432 737 589 810 nostrum,
620 729 677 814 qui
698 727 862 792 Blakerne
879 726 1056 813 palacium
1085 730 1177 793 nobis
1206 729 1266 792 sub
1287 731 1431 812 impera-

309 814 391 877 toris
413 822 442 876 ct
463 835 521 876 suo
543 814 728 876 iuramento
753 814 916 897 promittit
941 815 978 876 in
1007 813 1177 893 obsidium,
1206 813 1309 877 donec
1338 812 1430 875 nobie

309 905 428 960 cuncta
445 898 615 980 promissa
636 896 830 959 reddantur.
862 897 998 960 Accedit
1013 897 1058 961 ad
1073 897 1248 980 palacium
1268 897 1430 981 recipien-

310 981 389 1045 dum
416 981 534 1044 nobilis
561 980 707 1044 marolio
714 1003 726 1060 ;
758 979 870 1044 illudit
892 978 1031 1045 Alenius
1059 982 1260 1061 marchioni,
1290 990 1322 1044 et
1351 1001 1430 1065 quos

307 1067 377 1129 iam
399 1064 490 1128 nobis
514 1063 648 1128 dederat
669 1067 789 1148 spretis
812 1065 987 1145 obsidibus,
1010 1074 1162 1129 consueta
1178 1067 1342 1149 periuria
1362 1087 1428 1128 non

307 1156 445 1212 veretur.
489 1149 591 1212 Nocte
613 1150 762 1212 insecuta
785 1149 1007 1232 Morobuflus⁸
1029 1149 1160 1213 domino
1186 1157 1244 1213 suo
1263 1153 1429 1233 periurus

308 1240 338 1295 et
366 1232 470 1312 nobis,
499 1229 612 1296 Grecis
644 1230 806 1296 reddendi
835 1232 929 1296 nobis
953 1232 1088 1315 palacii
1112 1233 1231 1296 revelat
1261 1235 1426 1314 arclano,

308 1324 405 1400 utque
427 1337 467 1379 cu
489 1316 606 1379 bocia
629 1325 826 1399 perpetuum
851 1319 897 1380 eis
926 1318 976 1381 eri
1000 1319 1014 1381 i
1041 1317 1216 1380 libertatem
1242 1327 1272 1382 et
1300 1318 1348 1380 ad
1370 1318 1427 1381 boc

306 1399 413 1463 modis
450 1399 598 1463 omnibus
633 1399 829 1463 seruiendum
865 1423 932 1464 esse
968 1340 1123 1482 dederat,
1158 1403 1226 1466 nisi
1262 1402 1429 1466 deiciatur

306 1481 455 1548 Aledius.
501 1483 603 1548 Cuius
626 1484 830 1566 proditionis
858 1485 969 1548 merito
1001 1487 1120 1550 tercius
1151 1487 1188 1548 in
1217 1485 1296 1550 urbe
1328 1487 1427 1573 impe-

306 1575 400 1630 rator
429 1566 595 1632 attollitur.
644 1568 685 1630 In
715 1568 883 1632 dominum
915 1569 1121 1634 dormientem
1146 1578 1175 1632 ct
1201 1571 1251 1633 rei
1280 1573 1428 1634 nescium

307 1651 490 1737 sacrilepas
523 1651 619 1714 mittit
646 1674 780 1732 manus,
814 1675 947 1739 eumque
977 1676 1107 1716 carcere
1136 1662 1214 1717 tetro
1243 1653 1429 1734 includens,

307 1737 452 1815 tercium,
467 1734 691 1820 Nysioiauub
713 1738 887 1818 quendam,
909 1739 968 1821 qui
984 1737 1077 1821 apud
1091 1736 1249 1801 Sanctam
1261 1737 1307 1803 So
1336 1740 1429 1803 biam

305 1818 493 1904 imperiales
514 1818 645 1903 infulas
660 1821 786 1884 nouiter
801 1829 994 1905 usurparat,
1016 1822 1175 1885 traditum
1190 1822 1250 1886 sibi
1266 1846 1287 1885 a
1332 1827 1429 1905 rccis,

306 1907 365 1987 qui
386 1926 458 1968 eam
479 1913 680 1985 creauerunt,
705 1905 904 1988 proditione,
933 1927 1052 1968 rursus
1073 1907 1295 1986 incarcerat05
1340 1930 1427 1972 mor-

306 1996 423 2072 tuoque
455 1995 533 2071 post
567 1987 730 2051 modicum
767 1989 956 2074 Tyrsacltio,
993 1991 1051 2075 qui
1088 1992 1234 2055 animum
1262 1989 1338 2074 filii
1373 1994 1430 2056 sui

300 2092 365 2154 pre
393 2070 551 2151 omnibus,
581 2080 617 2134 ut
644 2071 823 2154 dicebatur,
854 2097 875 2136 a
898 2073 991 2138 nobis
1021 2083 1192 2155 auerterat,
1223 2074 1429 2140 acclamante

305 2153 388 2218 clero
412 2153 589 2218 Grecorum
617 2165 646 2217 et
666 2156 802 2239 populo,
828 2165 865 2220 ut
891 2158 930 2220 de
951 2166 1042 2221 terra
1062 2158 1245 2222 tolleremur
1265 2161 1303 2223 in
1327 2161 1428 2242 breui,

305 2247 433 2302 tantum
476 2239 674 2324 sanpuinem
716 2249 863 2304 nostrum
906 2242 1097 2306 sicientibus
1135 2241 1267 2324 Grecis,
1311 2244 1428 2329 prdie

304 2332 421 2386 contra
434 2345 494 2388 nos
504 2323 661 2408 proditor
682 2325 773 2388 taut
789 2325 896 2388 dictus
918 2327 1102 2408 instaurat,
1125 2327 1236 2390 urbem
1258 2329 1427 2392 macbinis

304 2415 333 2469 et
356 2407 625 2492 propupnaculis
653 2409 791 2488 munite,
815 2433 953 2495 quorum
981 2433 1151 2475 numerum
1180 2434 1271 2476 nemo
1294 2414 1428 2477 uiderat

303 2513 468 2576 umquam.
493 2490 633 2578 Cumque
643 2515 758 2555 murus
773 2495 877 2557 mirae
891 2493 1087 2575 latitudinis,
1103 2495 1273 2580 lapidibus
1288 2498 1428 2560 minutis

303 2583 504 2659 cementoque
537 2577 724 2640 tenacitatis
758 2586 787 2639 et
811 2577 984 2658 firmitatis
1015 2583 1170 2665 antiquae
1207 2589 1426 2662 constructus,

302 2659 339 2721 in
373 2655 475 2720 altum
506 2659 601 2724 ualde
634 2683 848 2748 consurqens,
880 2671 988 2725 turres
1021 2663 1151 2726 baberet
1187 2665 1425 2748 amplissimas,

299 2740 441 2824 pedibus
456 2743 585 2806 circiter
617 2746 839 2830 uinquapenis
851 2754 880 2809 et
885 2747 992 2830 paulo
999 2745 1080 2830 plus
1090 2750 1237 2813 minu-soe
1252 2749 1425 2830 distantes,

302 2826 389 2887 inter
410 2825 569 2909 quoslibet
591 2767 676 2891 duas
706 2852 727 2890 a
752 2838 850 2912 parte
877 2832 991 2910 maris,
1022 2855 1085 2917 quo
1115 2842 1223 2896 noster
1249 2833 1425 2897 timebatur

303 2907 457 2988 assultus,
493 2913 595 2974 turris
624 2912 735 2998 lipnea
769 2915 910 2999 eripitur
937 2919 1038 2999 super
1065 2939 1194 2980 murum
1222 2918 1424 2982 stationibus

301 2992 405 3056 tribus
429 3002 487 3056 aut
508 3004 660 3078 quatuor,
681 2997 921 3062 multitudinem
945 3000 1183 3064 continentibus
1206 3011 1423 3082 armatorum,

301 3076 536 3142 nichilominus
558 3081 655 3144 etiam
675 3083 761 3144 inter
783 3081 942 3168 quaslibet
959 3083 1046 3146 duas
1068 3092 1174 3148 turres
1196 3107 1253 3148 seu
1264 3087 1423 3168 petraria

300 3181 359 3223 seu
387 3161 591 3246 maponellus
619 3165 769 3250 eripitur.
815 3165 977 3230 Turribus
1008 3176 1115 3230 autem
1142 3171 1424 3253 supereriguntur

300 3242 431 3329 lipneae
453 3254 560 3310 turres
583 3245 759 3312 altissimae
780 3250 956 3314 stationum
982 3273 1053 3332 seu,
1083 3273 1183 3336 super
1204 3251 1263 3316 aes
1283 3275 1423 3338 suppre-

301 3351 387 3391 mam
409 3332 580 3394 stationem
602 3332 776 3396 aduersum
798 3356 857 3398 nos
874 3337 1101 3420 porripuntur
1128 3275 1246 3418 scalae,
1279 3339 1422 3422 apodia-

301 3412 428 3476 ciones¹
446 3435 486 3475 ec
507 3423 647 3498 utraque
687 3426 754 3480 arte
770 3426 799 3478 et
808 3419 1070 3504 propupnacula
1084 3422 1293 3502 continentes,
1312 3423 1421 3506 pardo

299 3496 410 3559 minus
432 3497 566 3560 encelsis
587 3439 754 3564 maldrum
769 3503 943 3585 capitibus,
966 3513 1126 3589 quantum
1140 3507 1247 3568 iacere
1261 3509 1300 3570 in
1316 3506 1420 3571 altum

294 3588 405 3660 posset
428 3603 526 3643 arcus
548 3584 569 3643 ά
592 3590 691 3645 terra.
734 3585 870 3648 Murum
892 3589 989 3651 etiam
1013 3591 1122 3671 ipsum
1144 3611 1259 3652 murus
1274 3593 1420 3656 'circum-

300 3663 426 3747 cinpiti
440 3663 583 3748 inferior
604 3665 814 3752 duppleaque
825 3669 1005 3752 fossatum,
1029 3694 1069 3734 ne
1089 3675 1192 3737 muris
1214 3671 1285 3737 ulla
1309 3676 1419 3760 appli-

299 3747 373 3808 cari
393 3747 537 3811 valerent
557 3751 705 3834 inpcuia,
734 3753 792 3815 sub
820 3754 937 3837 quibus
954 3765 1089 3838 possent
1110 3755 1242 3820 latitare
1253 3756 1419 3840 fossores.

298 3828 433 3894 Interim
460 3833 547 3895 mari
575 3840 726 3920 terraque
758 3859 818 3900 nos
848 3847 1014 3921 attemptat
1042 3839 1194 3922 perfidus
1226 3842 1418 3926 imperator,

298 3934 358 3977 nos
382 3936 507 3998 semper
529 3915 671 3982 Domino
690 3929 878 4006 protepente
907 3932 935 3986 et
964 3944 1040 3986 suos
1052 3923 1244 4007 frustrante
1268 3937 1417 3991 conatus.

298 3996 387 4062 Nam
406 4007 517 4081 preter
539 4001 780 4067 ordinationem
809 4015 954 4070 nostram
983 4007 1029 4070 ad
1053 4009 1196 4092 predam
1224 4009 1418 4075 victualium

299 4135 322 4188 a)
338 4139 479 4182 Marchuiius
495 4143 538 4182 02.
615 4143 638 4195 b)
655 4145 787 4196 Nykolnum
803 4149 852 4192 Bi.
923 4148 943 4201 c)
960 4151 1117 4192 incarceretur
1132 4152 1209 4192 B1.2.
1227 4153 1270 4194 oi.
1348 4154 1372 4208 d)
1388 4158 1420 4197 in-

297 4197 373 4236 diciue
388 4200 447 4238 codd.
493 4200 515 4252 e)
531 4203 563 4241 ita
578 4202 634 4244 Aru.
651 4210 670 4243 ct
686 4204 777 4256 Oinfra
790 4218 813 4256 p.
831 4209 887 4260 iii,
903 4211 1010 4250 muniunt
1025 4211 1086 4252 codd.
1147 4207 1253 4262 Osuper
1269 4223 1340 4262 quam
1356 4216 1418 4257 codd.

298 4253 322 4306 g)
339 4256 501 4307 circumcingit
514 4271 572 4301 corr.
589 4264 749 4314 circumcingit
764 4266 810 4307 Bi.

298 4367 327 4437 1)
347 4369 365 4422 i.
385 4389 409 4437 q.
431 4371 628 4427 adminiculum.
