2934 4998
308 398 365 448 276
454 395 775 449 canonicesuam
796 394 1048 448 conomnnsls.
1069 393 1358 447 commutans.
1456 409 1458 462 1

308 565 411 630 ethis
433 564 582 651 peractis,
606 561 782 627 exercitum
804 583 898 626 suum
920 558 1074 626 dissolvit
1117 561 1330 626 Postmodum
1347 582 1420 626 vero

308 649 377 714 dux
397 648 571 714 Brabantie
592 647 708 711 iterum
731 667 805 710 cum
827 668 925 709 manu
946 643 1053 710 valida
1073 645 1265 730 regreditur,
1289 653 1422 709 castrum

308 732 556 798 Reudinrode⁸·¹
580 728 718 796 Gerardi
745 729 878 794 fautoris
907 731 1053 829 episcopi
1082 728 1208 795 obsidet
1229 738 1262 794 et
1284 728 1422 796 deditum

308 817 443 882 destruit
464 826 497 881 et
516 813 668 881 incendit.
712 812 791 878 Inde
820 814 950 879 divertrt
976 814 1019 878 ad
1047 823 1189 879 castrum
1210 813 1422 894 Dalehem”·²‚

310 889 488 987 quoderat
509 899 653 964 comitis³
682 896 723 962 de
744 897 936 981 Hostadin⁰‚
971 899 1095 984 nepotis
1125 897 1229 978 electi,
1261 907 1294 961 et
1320 897 1422 982 ipsum

308 1007 367 1071 per
389 985 502 1050 decem
523 981 743 1049 hebdomadas
773 981 934 1063 obsidens,
964 983 999 1045 in
1026 981 1223 1046 deditionem
1249 981 1377 1065 accepit
1395 989 1424 1045 et

309 1069 376 1133 suis
397 1067 544 1137 munivit.
587 1067 694 1130 Huius
715 1077 824 1131 autem
846 1067 1022 1132 obsidionis
1040 1076 1185 1151 tempore
1199 1063 1320 1130 electus
1335 1061 1424 1129 Colo·

308 1153 429 1217 niensis
450 1149 615 1237 quoddam
637 1150 813 1236 presidium
835 1151 927 1235 ponit
947 1151 980 1214 in
1001 1159 1085 1216 terra
1106 1149 1233 1214 comitis
1255 1148 1297 1213 de
1318 1148 1424 1214 Monte

309 1237 356 1300 cis
377 1235 526 1301 Rhenum
546 1236 639 1299 iuxta
658 1231 767 1298 villam
781 1234 899 1298 dictam
915 1234 1097 1316 Medeme⁴;
1121 1233 1178 1298 ubi
1198 1234 1314 1319 positis
1338 1231 1425 1298 satel-

309 1318 435 1405 litibus,
457 1329 576 1383 terram
598 1317 743 1383 eiusdem
765 1318 891 1383 comitis
912 1339 1144 1405 usquequaque
1166 1317 1324 1382 devastat.

394 1420 521 1486 Eodem
542 1421 639 1485 etiam
653 1429 796 1505 tempore
811 1442 929 1506 guerra
943 1420 1079 1485 durante
1094 1418 1214 1485 electus
1226 1418 1424 1484 Coloniensis

311 1504 475 1569 ordinatus
497 1514 546 1570 est
570 1506 605 1568 in
626 1507 849 1654 presgyterum
878 1505 920 1570 ab
951 1506 1104 1592 episcopo
1126 1503 1376 1568 Monasteriensi
1394 1503 1425 1566 in

310 1587 446 1655 ecclesia
468 1590 571 1653 sancti
592 1589 680 1652 Petri
731 1586 844 1669 olonie,
875 1599 909 1653 et
929 1588 971 1653 ab
994 1589 1108 1654 eodem
1136 1591 1292 1675 episcopo
1314 1590 1352 1651 in
1378 1585 1425 1650 die

199 1696 245 1738 oa.
263 1672 527 1759 saapostolorum
548 1673 689 1738 Simonis
711 1681 743 1738 et
763 1671 843 1738 Iude
871 1673 905 1736 in
928 1674 1117 1759 episcopum
1140 1681 1189 1737 est
1211 1680 1426 1736 consecratus.

308 1757 418 1822 Pauco
475 1767 525 1822 ost
556 1765 700 1842 tempore
731 1756 818 1820 idem
851 1758 1022 1843 episcopus
1054 1766 1173 1821 terram
1204 1754 1425 1822 Waleramids

310 1840 430 1905 dictam
485 1838 730 1906 untzerlaudt⁰·⁰
752 1841 851 1905 intrat
872 1851 905 1906 et
926 1843 1033 1905 omnia
1055 1842 1141 1905 circa
1162 1849 1303 1905 castrum
1331 1839 1426 1928 [Mon-

309 1924 422 2014 teies-²]
446 1935 478 1990 et
499 1925 617 1988 Dunc⁸
640 1933 761 1989 cremat
781 1934 814 1989 et
835 1925 991 1990 devastet.

393 2017 519 2082 Eodem
547 2038 630 2081 anno
663 2017 837 2103 imperator
866 2016 997 2082 collecto
1026 2009 1174 2082 ¹exercitu
1200 2017 1281 2081 fines
1308 2017 1425 2082 Medio-

309 2101 512 2167 lanensiumss
540 2101 667 2183 intrat⁹,
700 2102 863 2166 civitatem
890 2102 1048 2168 (tumamh
1082 2103 1143 2167 sibi
1173 2101 1335 2184 conciliat,
1369 2101 1425 2165 duo

311 2196 417 2250 castra
430 2183 742 2250 Mediolanensiums
758 2186 923 2250 Sicianum
945 2195 978 2251 et
991 2186 1208 2250 Landrianum
1220 2197 1246 2232 ¹⁰
1267 2187 1424 2270 subiugat

310 2269 390 2334 Inde
405 2268 556 2334 secedens
571 2270 612 2333 ad
628 2268 820 2333 diruendum
834 2280 966 2355 pontem
981 2269 1247 2352 Placentinorum,
1271 2271 1329 2355 qui
1345 2269 1426 2335 ducit

308 2364 396 2418 trans
416 2352 542 2418 Padum
563 2351 722 2435 fluviumi,
752 2363 846 2418 nocte
869 2353 1007 2439 quadam
1034 2354 1200 2441 inopinata
1220 2353 1425 2418 inundatione
1457 2375 1458 2436 3

309 2446 438 2518 exorta,
471 2435 573 2502 multa
605 2438 741 2502 tentoria
775 2437 892 2502 amittit
924 2448 956 2502 et
990 2437 1085 2502 salvis
1112 2438 1258 2524 personis
1287 2438 1425 2502 maxima

309 2543 417 2586 rerum
439 2521 579 2606 dampna
600 2522 743 2587 incurrit.

394 2604 470 2690 Ipso
502 2627 585 2669 anno
619 2627 726 2669 comes
759 2604 838 2670 Cam
863 2605 936 2670 anie
969 2605 1183 2687 Theobaldus‚
1217 2605 1273 2691 qui
1303 2616 1338 2670 et
1373 2625 1423 2669 rex

309 2686 586 2771 Naverniensium‚
609 2689 799 2770 Richardus,
832 2628 929 2754 daber
954 2689 1071 2776 Anglie
1099 2712 1133 2754 re
1160 2690 1195 2771 ‘s,
1229 2710 1340 2754 comes
1362 2689 1423 2754 Bri·

309 2771 466 2854 tannien,
505 2794 612 2837 comes
645 2772 685 2837 de
717 2772 964 2855 Monte-sortist,
1005 2795 1111 2838 comes
1135 2712 1327 2838 {arensis¹⁸
1360 2794 1423 2838 cum
1455 2809 1457 2858 5

308 2855 418 2920 multis
456 2855 617 2921 nobilibus
651 2856 765 2940 Gallie,
798 2857 966 2956 Hispanis,
1000 2856 1127 2944 Anglie,
1161 2857 1368 2922 Teuthoniek
1396 2858 1424 2918 iu
1455 2861 1456 2920 i

307 2939 443 3005 Terram
471 2939 623 3006 Sanctam
655 2961 726 3027 pro·
748 2942 816 3005 eius
849 2939 1036 3006 hberationc
1063 2950 1139 3006 sunt
1165 2940 1311 3026 profecti.
1367 2939 1422 3021 Qui
1454 2939 1456 3018 )

307 3044 384 3087 cum
406 3022 448 3088 ad
470 3024 703 3088 edificationem
715 3023 877 3089 Ascalone
891 3027 977 3089 acies
999 3025 1182 3110 dirigerent,
1207 3025 1317 3089 audito
1343 3022 1422 3112 quod
1455 3019 1456 3048 ἶ

307 3106 480 3173 Sarraceni
501 3109 547 3172 eis
569 3109 603 3172 in
624 3107 748 3172 vicino¹
772 3117 888 3190 essent,
911 3119 1067 3174 consuete
1088 3131 1143 3175 eos
1173 3109 1275 3174 animi
1297 3130 1421 3196 magua·

305 3192 482 3257 nimitatem
509 3192 675 3260 invadunt.
720 3191 786 3258 Sed
814 3192 856 3257 ab
888 3193 967 3278 ipsis
989 3190 1175 3259 Sarracenis
1206 3193 1421 3340 inprosperato

306 3296 387 3340 casu
408 3286 441 3341 et
462 3277 627 3361 inopinato
649 3274 873 3342 miserabiliter
895 3286 970 3341 sunt
998 3276 1116 3342 devicti
1145 3288 1176 3342 et
1196 3276 1236 3341 de
1249 3278 1327 3343 etin,
1365 3275 1421 3342 Ubi

306 3466 331 3517 a)
348 3467 483 3508 Rauderodt
498 3468 550 3507 111.
611 3466 635 3516 b)
651 3467 765 3508 Dolehem
781 3468 830 3507 Da.
892 3465 913 3519 c)
930 3467 1078 3507 Hochsteden
1094 3467 1147 3506 Da.
1207 3465 1230 3517 d)
1247 3468 1366 3508 Walramt
1382 3467 1420 3506 111.

305 3525 332 3577 e)
348 3526 493 3567 Ouderhndt
508 3527 555 3566 Da.
587 3525 605 3576 t')
621 3527 701 3566 taraco
716 3527 741 3566 ia
756 3526 812 3575 D13
828 3526 891 3566 circa
907 3531 1007 3566 castrum
1022 3527 1106 3566 Dunas
1122 3526 1171 3567 M.
1203 3526 1227 3576 g)
1241 3527 1363 3569 Mediolatt
1377 3527 1419 3566 121.

308 3584 440 3636 h)01viam
456 3586 506 3626 Di.
551 3584 570 3635 1)
586 3587 641 3624 deest
656 3586 707 3626 Da.
759 3583 784 3636 k)
801 3584 940 3626 Germaniae
956 3586 1006 3626 Da.
1058 3583 1076 3636 l)
1092 3586 1179 3625 vicinio
1195 3586 1244 3626 De.
1291 3585 1324 3636 m)
1342 3585 1420 3635 magni·
1452 3591 1454 3642 g

305 3644 455 3684 tudinem.
516 3641 541 3696 n)
558 3645 638 3684 dolose
655 3645 705 3684 Dl.

310 3801 337 3867 1)
357 3801 524 3854 Ronderatb.
600 3800 630 3868 2)
649 3803 778 3854 Daelbem
802 3803 871 3855 inter
890 3802 1020 3855 Leodiam
1039 3810 1063 3854 et
1086 3801 1237 3854 Traiectum
1256 3804 1294 3854 ad
1314 3804 1418 3855 Mosam.

304 3872 340 3940 .·3)
363 3873 526 3927 ibeodorici.
602 3875 631 3932 4)
651 3875 693 3927 De
713 3875 789 3928 caiae
808 3876 861 3926 situ
878 3893 932 3927 aon
951 3884 1024 3928 conat
1044 3884 1062 3927 t.
1126 3874 1156 3941 5)
1176 3875 1282 3927 ibatne
1305 3872 1420 3928 Heiaairi

304 3945 407 3999 comitis
430 3949 463 4000 de
481 3948 579 4001 Monte.
664 3947 692 4014 6)
714 3948 809 4001 Nescio
836 3966 872 4000 cn
896 3958 989 4001 auctor
1013 3951 1121 4001 ‘terram
1141 3944 1242 4002 Odmze'
1263 3949 1301 4014 (c.
1317 3949 1417 4001 Locom·

305 4021 360 4072 blet
379 4021 420 4085 11,
446 4022 490 4072 38.
511 4023 577 4086 116)
609 4021 749 4088 intelligat.
796 4021 921 4074 Fortasse
946 4021 1059 4074 Gontaea
1085 4023 1160 4074 cicae
1184 4023 1214 4073 ia
1232 4022 1316 4090 lrbfla'a
1340 4034 1417 4088 propr

308 4093 436 4160 Montjoie
449 4095 576 4161 oppidana
589 4092 663 4146 situs.
685 4094 713 4144 Ο.
800 4097 827 4161 7)
841 4095 960 4147 Mouioie
978 4095 1218 4162 supplosionem
1228 4094 1301 4148 Aac.
1315 4091 1416 4157 Floreff·

305 4165 466 4218 eddanum
487 4166 729 4232 1131311171,
750 4168 813 4219 627.
845 4166 872 4220 0.
942 4167 971 4229 8)
991 4167 1125 4220 Daunia
1144 4169 1235 4236 Abflia.
1314 4169 1344 4235 9)
1363 4167 1416 4218 Post
1451 4163 1453 4196 ³

305 4237 382 4304 Sept.
395 4241 437 4290 16.
449 4239 489 4306 qt
499 4241 599 4292 Anaol.
610 4240 730 4292 Placent.
742 4241 845 4305 Gibeu„
854 4240 903 4294 SS.
914 4240 1028 4303 XVIII,
1036 4259 1064 4308 p.
1077 4243 1141 4292 482.
1152 4243 1186 4294 A.
1226 4243 1272 4310 10)
1283 4239 1388 4294 Staieno
1397 4243 1418 4288 et

306 4309 477 4364 Laadm'aao.
509 4312 543 4366 A.
625 4313 672 4375 11)
691 4313 796 4366 Petras.
828 4315 860 4366 A.
947 4313 994 4382 12)
1013 4315 1163 4370 Amerinus.
1197 4313 1231 4370 A.
1316 4313 1361 4381 13)
1378 4311 1413 4364 Io·
1450 4299 1453 4378 i

305 4384 419 4437 baanes.
451 4386 484 4438 A.
