2924 5006
1411 2 1459 107 l

299 405 352 454 1so
436 401 624 455 cunamen
643 402 756 453 snum
776 402 1027 456 conosmssrs.
1048 403 1151 456 cour.
1170 404 1202 457 a
1227 372 1304 452 nar.

694 575 864 627 Berensis
882 577 907 627 1.
927 586 952 629 et
970 577 1012 629 II.

382 662 523 726 Rumor·
555 659 655 725 fslsus
687 661 794 726 subito
823 662 864 726 de
892 664 982 728 obitu
1016 662 1219 749 imperatorsi
1249 681 1421 745 emergens

298 747 445 812 homines
459 767 576 832 pravos
598 757 630 810 et
643 746 827 832 pestilentes
849 746 892 810 ad
905 746 1039 834 predam
1062 757 1094 811 et
1114 747 1327 832 direptionem
1346 764 1422 830 qua-

300 853 492 920 quaversum
513 831 688 916 instigavit,
710 832 766 916 qui
786 840 950 916 tamquam
971 833 1039 917 lupi
1060 852 1192 916 rapaces
1213 832 1247 893 in
1269 829 1425 894 destituta

300 914 417 980 ovilia*
443 917 615 996 sevientes,
636 913 686 977 his
712 937 794 1000 qnos
814 937 833 978 o
857 917 996 1000 primere
1016 925 1162 1000 poterant
1182 913 1281 978 nichil
1304 913 1425 1000 reliqui

299 1000 454 1078 fecerunt,
483 1000 596 1081 donec,
618 1000 748 1084 cognito
770 1022 814 1084 qu
890 999 995 1064 adbuc
1027 1003 1148 1064 viveret
1176 1000 1425 1084 imperator,⁴a

301 1083 443 1148 seviendi
468 1081 598 1148 licentia
628 1084 767 1181 repressi
794 1093 877 1148 sunt.
936 1084 1166 1149 Verumtamen
1193 1082 1280 1169 quod
1307 1102 1422 1144 rumor

301 1167 491 1252 vulgaverat
521 1168 555 1230 in
583 1166 678 1231 brevi
707 1178 821 1253 postea
850 1190 963 1232 verum
990 1169 1111 1232 factum
1138 1177 1195 1230 est
1248 1165 1334 1229 Nam
1364 1166 1423 1228 im·

301 1259 429 1336 perator
450 1271 514 1313 non
542 1248 639 1335 longo
668 1260 742 1336 post
768 1261 913 1398 tempore
934 1262 1078 1316 mortuus
1099 1252 1278 1316 nunciatur.
1331 1248 1424 1313 Obiit

301 1344 410 1399 autem
431 1335 465 1396 in
486 1333 567 1398 festo
590 1335 692 1398 sancti
713 1334 880 1400 Michaeis
901 1337 932 1404 2.
957 1335 1030 1400 Kal.
1050 1336 1218 1402 Octobris¹
1243 1344 1274 1399 et
1296 1332 1425 1397 honori-

302 1418 363 1482 fice
398 1440 471 1482 cum
500 1417 608 1482 multis
639 1418 820 1503 insignibus
846 1419 933 1505 apud
964 1419 1152 1506 Neapolim²
1187 1417 1331 1504 sepultus
1367 1425 1426 1481 est.

301 1502 353 1566 Ibi
374 1500 537 1566 adnullata
558 1512 606 1566 est
650 1502 792 1584 rofectio,
815 1526 911 1588 quam
932 1505 1002 1590 ipse
1023 1505 1065 1568 ad
1086 1502 1307 1568 liberationem
1321 1511 1428 1566 terrae

302 1587 557 1671 repromissionis
581 1524 702 1650 dudum
725 1586 940 1672 disposuerat,
963 1588 1019 1653 sed
1041 1597 1074 1652 et
1095 1588 1196 1651 omnis
1211 1584 1332 1672 Apulia
1350 1585 1426 1670 [et0]

303 1668 463 1751 Calabria,
475 1667 585 1735 Sicilia
605 1670 670 1734 ab‘¹
693 1692 823 1734 suorum
844 1671 1061 1736 dominatione
1076 1694 1111 1736 se
1126 1671 1301 1750 excutiens,
1316 1679 1429 1733 tamen

303 1754 399 1818 uxori
421 1755 489 1820 eius
512 1763 544 1818 et
565 1753 631 1819 tilio
653 1777 688 1818 se
710 1753 847 1820 subiecit
875 1765 907 1820 et
933 1757 980 1820 eis
1008 1756 1106 1821 fidem
1127 1755 1210 1819 fecit.
1259 1754 1297 1817 ln
1319 1752 1427 1817 Theu-

302 1840 410 1902 tonica
430 1860 506 1902 vero
528 1847 614 1903 terra
635 1860 735 1902 werre
757 1838 855 1906 multe
877 1851 909 1904 et
935 1839 1148 1906 dissensiones
1177 1849 1307 1903 eatenus
1337 1837 1428 1900 inau-

304 1923 389 1987 ditae
411 1923 558 1986 on‘uutur
578 1945 676 2008 super
696 1923 841 2007 imperio.

306 2005 526 2095 [secundae
562 2005 779 2106 expeditio
821 2029 841 2070 a
883 2007 1132 2107 qpibusdam
1160 2004 1426 2092 principibus

769 2114 819 2154 1m
856 2113 961 2156 ern.

390 2172 419 2235 E
443 2173 575 2259 iscopus
596 2175 803 2259 Mogontinus
826 2114 857 2240 it
878 2091 949 2239 dux]
967 2173 1214 2260 Lotbaringiae³
1237 2183 1268 2238 et
1289 2171 1427 2256 lantgra

305 2258 399 2320 vius⁴
420 2195 483 2344 pet,
504 2256 665 2343 palatinus
688 2262 810 2346 comes]
832 2259 939 2325 etalii
966 2259 1059 2325 multi
1079 2260 1241 2346 principes
1264 2279 1338 2320 cum
1360 2257 1427 2355 qui·

303 2339 441 2406 busdam
463 2341 595 2427 signatis
611 2364 699 2406 mare
714 2353 923 2424 transeuntes,
940 2342 1006 2409 solo
1022 2366 1080 2409 suo
1095 2343 1234 2408 adventu
1253 2352 1284 2406 et
1299 2361 1425 2405 nomme

328 2446 449 2509 aganas
472 2436 661 2491 terruerunt.
707 2429 734 2490 A
759 2429 862 2514 gressi
884 2429 978 2492 etiam
997 2449 1140 2514 pugnam
1156 2436 1265 2492 contra
1279 2424 1425 2488 inimicos

340 2510 370 2571 ei
391 2509 424 2571 in
445 2510 574 2574 nomine
595 2510 729 2575 Domini
775 2534 832 2576 ene
853 2513 1031 2599 prosperati
1053 2522 1135 2590 sunt,
1158 2513 1242 2575 sicut
1259 2509 1423 2594 cognitum

306 2601 355 2657 est
377 2613 418 2655 ex
439 2591 562 2674 litteris,
585 2616 664 2678 quas
686 2595 851 2681 predictus
873 2595 941 2660 dux
962 2597 1048 2660 misit
1063 2594 1247 2661 Coloniensi
1268 2592 1423 2679 archiepi-

307 2696 405 2760 scopo
427 2677 461 2738 in
482 2676 567 2740 hune
588 2677 734 2742 modum:

394 2757 558 2832 Quoniam
581 2763 620 2825 de
643 2764 777 2829 honoris
800 2766 906 2828 nostri
920 2765 1126 2850 promotione
1154 2787 1193 2828 ac
1219 2764 1318 2828 totius
1340 2759 1424 2824 ciri-

306 2844 492 2908 stiauitutis
509 2849 727 2930 prosperitate
746 2847 929 2932 plurimum
949 2871 1006 2912 uos
1028 2852 1147 2913 scimus
1168 2849 1274 2928 letari,
1304 2847 1422 2910 discre-

306 2927 406 2993 tionis
419 2940 554 2994 ,cestrae
569 2933 771 3014 prudentiae
798 2933 1036 3017 sipriificamus,
1066 2933 1163 3016 quod,
1193 2955 1265 2996 cum
1287 2954 1309 2994 a
1327 2933 1423 3014 prin-

307 3011 437 3096 cipibus
452 3013 598 3079 Bouiani
614 3017 748 3101 imperii
762 3024 790 3079 et
805 3016 984 3080 baronibus
999 3026 1106 3081 terrae
1120 3014 1423 3082 lherosolimitanae

308 3102 336 3160 et
358 3100 521 3162 communi
546 3100 671 3184 populo
701 3101 739 3162 in
768 3101 962 3185 mapistrum
989 3103 1087 3165 totius
1110 3103 1271 3166 accercitus
1281 3099 1426 3184 fuissem

307 3178 435 3263 clectus,
458 3205 530 3246 cum
546 3181 680 3250 consilio
691 3186 888 3269 principum
903 3195 931 3248 et
945 3186 1043 3249 totius
1066 3189 1225 3250 eoeercitus
1240 3187 1304 3249 iter
1314 3205 1426 3247 versus

208 3263 457 3329 cu.as.Beritum
481 3268 697 3350 arripuimus.
750 3268 813 3330 Eis
828 3291 900 3331 curn
921 3272 958 3334 in
972 3279 1061 3333 nocte
1077 3270 1162 3334 beati
1176 3269 1328 3334 Severini
1341 3269 1426 3330 inter

311 3349 432 3434 Tyrum
474 3361 502 3413 et
525 3349 690 3437 Spdouem
726 3352 895 3418 ordinatih
933 3353 1154 3417 decentissime
1194 3352 1425 3430 incederemus,

309 3430 530 3517 Sapbadinus
553 3445 581 3498 et
603 3457 711 3499 omnes
734 3439 904 3502 ammirati
924 3437 1132 3522 Babyloniae
1155 3447 1249 3522 atque
1266 3436 1426 3500 Damasci

308 3539 380 3580 cum
410 3540 534 3603 mapna
561 3518 769 3584 multitudine
792 3518 1052 3586 Sarraceuorum
1082 3544 1104 3584 a
1130 3519 1229 3586 latere
1256 3522 1374 3585 montis
1394 3541 1426 3583 ss

309 3600 403 3664 nobis
441 3602 640 3667 ostendentes
681 3613 710 3668 et
743 3629 765 3669 u
796 3614 885 3690 tergo
922 3628 1022 3690 usque
1055 3606 1101 3669 ad
1132 3629 1223 3670 mure
1253 3606 1426 3669 exercitum

309 3691 456 3749 nostrum
477 3687 726 3769 circumdantes,
748 3691 785 3752 in
809 3690 896 3752 acies
918 3698 1050 3752 nostrus
1064 3712 1184 3775 preces
1204 3699 1233 3754 et
1255 3690 1426 3754 continuos

301 3767 457 3852 fecerunt
477 3770 630 3850 insultus,
658 3793 827 3856 omnesque
854 3774 940 3836 uires
969 3794 1059 3854 suas,
1088 3774 1252 3838 ordinatis
1281 3772 1426 3838 cornibus

310 3873 390 3935 quos
413 3852 529 3916 babere
545 3855 663 3936 potuit,
686 3857 830 3920 exercuit
852 3865 967 3920 contra
990 3878 1049 3920 nos
1070 3880 1151 3942 pens
1173 3860 1304 3943 iniqua.
1347 3857 1423 3922 Pro·

311 4049 333 4101 a)
351 4052 424 4100 Igitur
439 4061 456 4092 r.
473 4051 522 4091 131.
560 4049 583 4102 b)
602 4052 796 4094 deterantssadd.
813 4056 903 4096 reddet.
921 4057 966 4097 01.
1006 4055 1026 4108 c)
1043 4055 1164 4097 aessens.
1197 4055 1220 4108 d)
1237 4059 1424 4107 a.Bl;sd01.

311 4107 410 4160 e)rutra
426 4110 450 4149 in
465 4120 533 4160 maro.
551 4110 720 4159 lindensis.
737 4111 778 4151 01.
796 4114 815 4156 t.
846 4114 1013 4165 numeras.
1045 4114 1187 4166 amuco&
1219 4115 1423 4167 hlordinsttsdt.

311 4168 357 4208 Bl.
375 4169 395 4208 t.
414 4168 460 4218 0¹3
476 4169 596 4210 ordinetus
613 4169 654 4211 ot.

313 4307 341 4375 1)
361 4307 406 4360 Ita
429 4310 507 4361 stiam
533 4309 582 4362 alii
604 4313 695 4374 multi‚·
718 4315 765 4365 scd
785 4315 828 4369 die
849 4317 892 4368 28.
912 4316 984 4384 Sept.
1004 4319 1083 4379 obitis
1110 4337 1136 4370 c.
1161 4318 1259 4370 Toecbe
1277 4337 1308 4385 p.
1328 4321 1378 4368 471
1397 4337 1423 4371 n.

312 4382 342 4448 2)
351 4380 436 4433 Immo
449 4382 584 4436 Panormi.
622 4383 652 4452 3)
662 4384 853 4457 Lctlsarinpiac
868 4390 1003 4458 inferioris
1015 4391 1168 4444 Heius-icus.
1206 4392 1236 4460 4)
1246 4393 1423 4445 Hermanuus.
