2944 5002
302 391 356 442 334
431 391 583 443 OLIVERI
602 390 760 442 RELATIO
781 390 830 440 Du
849 390 1099 441 EXPEDITIONE
1119 391 1335 442 DAMIATINA.

226 571 330 619 raraet
354 572 521 633 conceptum,
550 581 630 631 quem
655 567 713 616 sine
737 569 852 632 peccato
875 565 989 630 vixisse,
1018 566 1176 632 prophetam
1202 571 1229 616 et
1255 565 1316 633 plus
1343 581 1418 632 quarn

302 640 460 707 prophetam
487 638 652 706 profitentur,
678 653 757 689 cecos
781 638 956 702 illuminasse,
981 638 1101 704 leprosos
1127 639 1282 703 mundasse,
1305 646 1419 692 mortuos

302 715 456 776 suscitasse,
475 713 586 763 firmiter
604 719 740 776 asserunt,
759 712 868 762 verbum
889 717 917 762 et
934 713 1056 778 spiritum
1069 713 1123 762 Dei
1142 719 1170 764 et
1182 714 1274 766 vivum
1295 713 1332 762 ad
1352 713 1421 764 celos

302 787 458 838 ascendisse
475 786 595 836 credunt.
634 786 712 836 Unde
733 784 840 851 quaudo
853 792 973 851 ternpore
987 791 1140 852 treugarum
1153 788 1292 854 sapientes
1305 789 1420 852 ipsorum

303 861 507 912 lherosolimam
527 859 719 921 ascendebant,
745 859 855 909 codices
875 858 1081 924 ewangeliorum
1107 860 1158 910 sibi
1184 860 1363 926 postulabant
1381 877 1422 910 ex-

302 934 389 984 hiberi
413 941 440 985 et
459 933 649 984 osculabantur
673 938 701 983 et
718 933 914 983 venerabantur
932 939 1042 998 propter
1065 933 1223 984 munditiam
1241 933 1325 999 legis,
1345 949 1421 999 quam

161 1017 214 1058 nse.
226 1020 246 1068 1,
256 1018 292 1060 26.
304 1007 425 1058 Christus
458 1007 558 1069 docuit,
592 1012 620 1056 et
643 1007 758 1057 maxime
785 1011 893 1072 propter
922 1006 1097 1072 ewangelium
1126 1007 1215 1058 Luce:
1248 1005 1355 1058 Missus
1388 1014 1422 1058 cst

303 1081 413 1147 angelus
434 1080 551 1143 Gabriel,
578 1080 650 1146 quod
679 1080 790 1130 litterati
815 1081 885 1130 inter
904 1095 950 1130 eos
969 1082 1060 1146 sepius
1078 1087 1201 1147 repetunt
1221 1087 1248 1131 et
1267 1085 1423 1131 retractant.

302 1156 360 1204 Lex
379 1160 467 1204 autem
488 1170 588 1214 eorum,
608 1170 687 1220 quam
709 1152 817 1204 diabolo
837 1154 956 1204 dictante
976 1155 1123 1204 ministerio
1143 1155 1232 1219 Sergii
1249 1153 1383 1205 monaehi
1398 1158 1424 1204 et

303 1233 426 1294 apostate
453 1243 486 1278 ac
511 1227 624 1277 heretici
649 1227 836 1277 Machametus
861 1227 1024 1278 sarracenus
1053 1227 1129 1280 dedit
1146 1227 1264 1278 Arabiae
1285 1229 1422 1294 scriptam,

303 1317 321 1351 a
339 1300 431 1366 gladio
452 1301 532 1367 cepit,
557 1303 585 1351 in
609 1300 701 1365 gladio
727 1306 833 1351 tenetur
858 1306 885 1351 et
908 1301 936 1350 in
961 1300 1054 1366 gladio
1078 1302 1272 1352 terminabitur.
1311 1302 1422 1351 Macho-

303 1380 389 1425 metus
413 1374 464 1424 iste
488 1373 642 1424 illitteratus
665 1373 723 1436 fuit,
748 1375 819 1425 sicut
842 1374 901 1440 ipse
925 1373 1064 1440 profitetur
1086 1376 1114 1424 in
1133 1375 1289 1426 alchorano
1314 1391 1375 1439 suo,
1398 1379 1424 1425 et

303 1464 355 1514 que
375 1447 573 1514 prenominatus
594 1449 727 1498 hereticus
748 1448 868 1508 dictavit,
893 1449 944 1498 iste
964 1447 1143 1514 promulgavit
1162 1455 1188 1500 et
1207 1465 1256 1514 per
1277 1449 1422 1498 commina-

302 1523 389 1572 tiones
414 1521 550 1571 observari
574 1522 676 1572 statuit.
712 1521 877 1572 Luxuriosus
902 1523 972 1571 enim
997 1521 1048 1572 luit
1072 1528 1099 1572 et
1123 1521 1278 1585 bellicosus,
1303 1523 1422 1588 ideoque

304 1594 338 1644 de
363 1594 523 1645 inmunditia
543 1601 570 1644 et
588 1597 706 1644 vanitate
732 1594 821 1659 legem
844 1597 945 1657 statuit,
972 1611 1051 1660 quam
1078 1595 1221 1646 carnaliter
1243 1597 1372 1646 viventes
1395 1597 1421 1645 in

302 1673 378 1736 parte
397 1668 544 1735 voluptatis
562 1667 673 1719 firmiter
692 1667 843 1720 observant.
880 1668 916 1718 Et
935 1669 1005 1719 sicut
1028 1667 1117 1734 legem
1137 1675 1255 1720 nostram
1275 1670 1379 1720 veritas
1397 1674 1422 1719 et

304 1741 435 1792 munditia
458 1742 588 1802 muniunt,
612 1744 651 1792 ita
677 1757 792 1792 errorem
816 1743 934 1806 ipsorum
959 1743 1040 1792 timor
1063 1741 1213 1793 mundanus
1237 1747 1266 1793 et
1291 1743 1421 1793 humanus

303 1831 336 1866 ac
354 1815 478 1882 voluptas
498 1815 613 1866 carnalis
632 1814 782 1866 firmissime
802 1814 962 1865 custodiunt.

178 1907 245 1950 pm
255 1909 290 1950 tl.
376 1889 419 1940 11.
439 1889 471 1940 ln
482 1889 526 1938 die
535 1888 682 1955 palmarum
692 1889 755 1938 anni
765 1889 908 1955 prescripti
916 1889 1019 1938 inimici
1028 1890 1111 1940 nostri
1120 1889 1204 1940 multa
1213 1891 1421 1940 comminatione

302 1961 456 2013 multotiens
477 1961 655 2029 [premissa⁸],
675 1962 746 2027 quod
765 1978 794 2012 se
813 1963 886 2027 ipsos
904 1961 949 2012 vel
967 1979 1016 2013 nos
1030 1978 1122 2013 omues
1137 1979 1191 2012 una
1210 1963 1255 2013 die
1269 1964 1420 2030 perderent,

303 2035 417 2086 collecto
437 2036 549 2086 terribili
569 2041 596 2085 et
614 2035 804 2086 innumerabili
823 2036 941 2086 exercitu
962 2038 1079 2102 equitum
1100 2042 1127 2087 et
1139 2037 1269 2102 peditum,
1290 2039 1422 2087 irruerunt

303 2124 459 2175 supernos,
484 2109 603 2175 undique
628 2109 756 2160 fossatum
782 2114 899 2160 nostrum
919 2110 1086 2171 invadentes,
1117 2116 1144 2160 et
1168 2112 1285 2161 maxime
1311 2117 1419 2177 pontem

302 2182 515 2249 Templariornm
536 2191 563 2233 et
582 2181 658 2233 ducis
677 2183 792 2245 Austris,
819 2198 898 2248 quem
917 2183 976 2248 ipse
996 2199 1055 2234 cum
1075 2183 1248 2234 Theutonicis
1274 2183 1419 2234 defendere

302 2257 414 2307 studuit.
451 2257 551 2307 Hostes
571 2272 631 2306 cum
652 2255 746 2306 electis
765 2255 893 2306 militibus
912 2257 968 2308 suis
984 2255 1018 2306 de
1038 2257 1113 2322 equis
1133 2257 1341 2320 descendentes,
1361 2273 1419 2307 cum

303 2330 454 2380 christianis
473 2331 599 2380 atrociter
617 2336 811 2396 pugnaverunt.
850 2329 1015 2380 Ceciderunt
1033 2330 1095 2380 hinc
1114 2330 1177 2380 inde
1196 2333 1295 2382 mortni
1315 2337 1343 2381 et
1360 2330 1416 2382 vul·

301 2404 388 2454 nerati
411 2403 496 2454 multi.
533 2402 654 2454 Tandem
678 2403 868 2469 prevaluerunt
890 2403 968 2464 adeo,
995 2397 1086 2469 quodi
1106 2410 1214 2470 pontem
1240 2404 1418 2455 ascendentes

301 2482 405 2543 partem
425 2477 482 2527 eius
502 2477 703 2527 conbusserunt.
742 2477 804 2527 Dux
822 2476 931 2526 Austris
951 2479 1073 2543 precepit
1091 2477 1154 2541 suis,
1172 2483 1202 2529 ut
1221 2483 1304 2544 ponte
1325 2478 1415 2530 relicto

301 2549 404 2600 aditum
424 2549 519 2599 darent
537 2551 712 2613 instantibus;
731 2549 779 2601 sed
798 2552 897 2600 intrare
916 2566 969 2601 non
986 2557 1203 2617 presumpserunt
1222 2558 1333 2618 propter
1351 2550 1417 2602 mili·

301 2623 366 2672 tiam
395 2628 523 2685 nostram,
553 2639 605 2688 que
633 2625 707 2674 acies
735 2639 797 2674 suae
826 2622 999 2675 ordinaverat
1026 2625 1053 2674 in
1078 2625 1226 2676 subsidium
1254 2626 1416 2676 munitiones

303 2694 512 2746 defendentium.
550 2697 677 2747 Mulieres
697 2713 794 2762 aquam
815 2705 843 2746 et
862 2697 975 2764 lapides,
994 2699 1085 2748 vinum
1105 2704 1228 2765 etpanes
1241 2698 1417 2750 bellatoribus

301 2771 399 2818 nostris
421 2770 553 2834 intrepide
577 2771 774 2834 ministrabant,
798 2771 913 2821 orationi
935 2771 1089 2822 sacerdotes
1114 2773 1281 2838 insistebant,
1308 2771 1419 2822 vulnera

302 2843 481 2893 sauciatorum
501 2842 617 2908 ligantes
639 2859 672 2892 ac
698 2843 900 2896 benedicentes.
939 2845 980 2895 Eo
1007 2844 1070 2894 die⁰
1088 2861 1140 2896 non
1167 2853 1207 2897 est
1230 2846 1307 2897 nobis
1328 2846 1417 2896 datum

302 2915 415 2982 spatium
442 2917 566 2982 gestandi
592 2917 660 2967 alias
684 2918 787 2983 palmas
820 2933 899 2982 quarn
924 2917 1035 2969 balistas
1059 2925 1086 2970 et
1110 2933 1187 2970 arcus
1217 2935 1276 2970 cum
1303 2921 1417 2986 sagittis,

301 2987 413 3050 lanceis,
438 2989 532 3056 clipeis
551 2996 578 3040 et
588 2989 682 3054 galeis.
718 2990 795 3041 Adeo
808 2991 945 3042 instabant
964 2999 991 3042 et
1003 2993 1138 3043 vexabant
1150 2995 1277 3044 atrociter
1295 2994 1344 3058 qni
1358 3007 1419 3044 con-

300 3068 429 3113 venerant
447 3065 482 3114 ad
502 3065 667 3130 perdendum
687 3080 735 3114 nos
748 3063 837 3114 studio
851 3064 991 3116 liberando
1005 3066 1121 3116 civitatis
1134 3067 1168 3116 ab
1182 3073 1241 3118 ortu
1253 3066 1320 3117 solis
1336 3081 1417 3133 usque

301 3135 337 3186 ad
356 3137 448 3187 horam
466 3137 522 3186 fere
536 3136 677 3187 decimam.
713 3138 835 3188 Tandem
849 3137 990 3205 defatigati
1005 3145 1171 3190 retraxerunt
1183 3155 1213 3191 se
1227 3156 1288 3191 cum
1301 3140 1418 3208 dampno

301 3225 425 3262 maximo.

377 3283 418 3333 12.
437 3283 559 3334 Instabat
569 3285 623 3333 iam
635 3284 788 3349 passagium
802 3285 917 3335 vernale.
937 3286 1099 3337 Receseurus
1111 3292 1169 3338 erat
1181 3287 1233 3338 dux
1246 3288 1362 3352 Austrie,
1375 3287 1416 3354 qui

301 3372 349 3422 per
368 3372 467 3406 annum
486 3362 512 3407 et
532 3357 668 3407 dimidium
687 3357 790 3408 Christo
809 3358 922 3409 fideliter
940 3360 1107 3426 militaverat,
1126 3361 1248 3426 princeps
1275 3361 1414 3412 devotione

301 3429 405 3495 plenus,
423 3430 577 3496 humilitate,
598 3430 755 3494 obedientia,
774 3428 931 3497 largitated3
951 3434 995 3501 qui
1013 3439 1101 3500 preter
1119 3435 1185 3484 alios
1203 3439 1324 3498 sumptus
1342 3435 1415 3485 innu-

301 3503 450 3566 merabiles,
470 3520 537 3570 quos
555 3504 583 3554 in
602 3505 715 3568 negotiis
734 3505 834 3555 bellicis
854 3521 886 3556 ac
904 3508 1013 3572 privatis
1033 3507 1182 3558 elemosinis
1201 3508 1309 3572 iecerat,
1330 3508 1406 3559 domu

302 3576 525 3627 Theutonicorum
544 3593 590 3628 sex
608 3577 701 3628 miliai
719 3593 866 3629 marcamm
885 3582 987 3646 argenti
1013 3581 1057 3631 vel
1081 3581 1192 3647 amplius
1216 3581 1251 3630 ad
1270 3597 1415 3647 conparan-

302 3650 365 3700 dum
388 3650 509 3715 predium
535 3650 649 3700 creditur
674 3652 826 3703 contulisse.
873 3654 906 3704 In
925 3655 1053 3705 Kalendis
1071 3655 1136 3704 Maii
1160 3668 1259 3719 magna
1277 3655 1414 3707 multitudo

300 3723 498 3788 peregrinorum
517 3725 588 3789 cepit
604 3725 737 3789 recedere,
757 3727 833 3778 nobis
852 3729 880 3777 iu
899 3721 1001 3778 summo
1016 3728 1133 3794 periculo
1152 3728 1258 3779 relictis.
1298 3729 1353 3779 Sed
1371 3730 1414 3780 mi·

302 3797 413 3848 sericors
433 3802 460 3847 et
476 3797 607 3862 benignus
626 3798 706 3849 Pater
724 3805 823 3864 noster,
843 3801 896 3850 dux
916 3806 943 3851 et
960 3808 1142 3868 propugnator
1165 3806 1265 3864 noster,
1284 3806 1416 3868 protector

302 3871 464 3935 sperantium
481 3871 510 3920 in
530 3887 567 3935 se,
588 3872 631 3921 cui
648 3872 727 3922 facile
747 3878 787 3924 est
803 3875 832 3924 in
850 3875 942 3938 paucis
968 3875 1036 3926 sicut
1059 3876 1088 3926 in
1112 3875 1200 3926 multis
1221 3875 1339 3940 vincere,
1364 3892 1416 3928 nou

301 3945 420 4008 permisit
437 3945 588 3996 incredulos
604 3946 680 3994 simul
699 3947 727 3995 in
746 3962 795 3997 nos
807 3948 913 4011 irruere,
928 3948 1014 3998 donec
1028 3949 1092 3999 novi
1104 3953 1274 4014 recentesque
1287 3949 1416 4016 peregrini

303 4032 362 4067 cum
382 4020 490 4084 copioso
510 4034 638 4069 succursu
657 4021 869 4084 supervenirent;
888 4021 966 4087 copia
984 4022 1137 4074 victualium
1157 4028 1183 4073 et
1201 4037 1328 4088 equorum
1352 4029 1415 4074 nutu

303 4090 392 4142 divino
420 4093 576 4143 transmissa
603 4091 719 4142 fidelium
749 4093 932 4146 collectionem
959 4095 1103 4146 letificavit.
1149 4095 1301 4148 Instaurato
1329 4097 1415 4164 itaque

303 4233 326 4286 a)
342 4236 375 4275 tta
389 4236 415 4276 J..
432 4237 457 4278 (i.
474 4242 493 4276 et
508 4237 564 4290 an,
579 4237 617 4276 nbi
631 4237 765 4278 multotiens
780 4239 842 4281 deest.
901 4239 925 4293 b)
941 4252 986 4290 quo
1001 4253 1018 4281 c.
1075 4239 1097 4294 c)
1113 4242 1151 4282 die
1166 4252 1207 4293 pro
1223 4242 1309 4292 palmis
1323 4242 1416 4284 balistas

303 4296 416 4342 gessimus
436 4300 460 4336 et
474 4307 549 4347 arcus,
564 4307 606 4347 pro
629 4298 700 4336 ramis
720 4298 829 4340 arborum
851 4301 945 4340 lanceas
969 4304 992 4340 et
1009 4301 1098 4350 gladios
1115 4312 1167 4342 cnm
1183 4302 1264 4352 clipeis
1279 4303 1376 4343 tulimus
1390 4303 1414 4344 1..

303 4353 327 4405 d)
344 4354 359 4393 l.
375 4354 426 4394 Deo
442 4359 520 4403 gratus
535 4356 561 4398 L.
623 4353 645 4408 e)
661 4367 768 4407 mpersor.
783 4370 801 4401 c.
