2970 4996
288 382 323 430 92
444 381 632 434 ennomus
651 383 766 434 anolo
785 382 1031 435 COLONIENSIS
1051 383 1083 432 A.
1107 379 1299 432 1154-1156.

656 554 830 606 Recenaio
849 555 874 606 I.
894 556 986 607 codd.
1008 556 1040 606 A.

288 657 378 744 pales
393 659 500 742 urbes,
516 658 785 725 destruxerint⁸·¹
808 667 841 724 ct
862 680 973 724 omnes
993 661 1027 723 in
1050 659 1187 724 circuitu
1208 659 1359 744 regiones
1382 667 1419 723 et

289 742 434 808 civitates
472 753 529 808 aut
559 743 755 810 subiecerint
789 752 845 807 aut
880 743 1128 824 devastaverint,
1163 751 1270 841 preter
1307 741 1418 806 solum

289 827 448 910 Ticinum,
470 850 554 913 quae
576 838 607 893 et
626 827 729 912 Papia
751 826 876 908 dicitur,
899 849 981 913 quae
1002 829 1068 891 iam
1090 848 1183 914 quasr
1203 827 1238 890 in
1264 837 1417 891 extremo

289 912 404 997 spiritu
433 913 539 997 posita
566 911 760 976 adiutorium
790 912 909 975 cesaris
933 910 1111 997 flagitabat.
1158 910 1220 974 His
1249 931 1326 996 ergo
1355 912 1419 974 im-

288 1005 418 1081 perator
455 1006 643 1077 commotus,
676 1003 708 1060 et
738 1005 840 1059 totum
873 1017 1079 1060 commovens
1113 995 1300 1070 exercitum,
1333 995 1419 1081 quid

288 1081 395 1142 animo
417 1090 551 1166 gereret,
574 1088 687 1165 postea
708 1101 816 1143 rerum
837 1079 989 1165 probavit
1010 1089 1151 1144 eventus.

657 1162 773 1227 Annob
794 1163 928 1227 Domini
952 1166 1043 1228 1155.

366 1245 546 1332 Imperator
571 1246 610 1310 de
638 1245 732 1312 Italia
760 1247 851 1330 redit,
876 1247 1114 1332 perturbatores
1142 1247 1234 1332 regni
1261 1257 1293 1312 et
1320 1249 1418 1333 pacis

258 1383 262 1391 .
290 1339 410 1394 terrore
431 1329 587 1394 adventus
609 1333 659 1395 sui
680 1331 827 1396 refrenat.

172 1439 229 1481 aa.
246 1437 282 1480 aa.
367 1413 537 1479 Inundatio
560 1436 717 1500 aquarum
738 1413 866 1480 insolita
885 1415 946 1479 fuit
968 1415 997 1480 7.
1019 1415 1093 1481 Kal.
1114 1415 1315 1480 Decembris.

658 1499 754 1562 Anno
776 1499 909 1563 Domini
933 1501 1052 1565 1156.⁰

364 1582 543 1668 Imperator
564 1582 716 1648 domnam
737 1583 919 1648 Beatricem
940 1584 981 1648 de
1000 1581 1191 1668 Burgundio
1213 1582 1308 1647 duxit
1331 1603 1417 1645 uxo-

186 1689 242 1731 rea.
261 1691 280 1730 1.
290 1687 368 1747 rem,
385 1666 555 1752 repudiata
573 1669 701 1753 priori².
733 1668 829 1732 Circa
839 1667 955 1733 festum
968 1669 1111 1731 omnium
1122 1676 1306 1730 sanctorum
1319 1664 1417 1730 Colo-

290 1751 377 1812 niam
392 1753 480 1816 venit
495 1763 526 1817 et
539 1752 580 1817 ab
595 1750 840 1838 archiepiscopo
857 1761 888 1816 et
899 1750 1023 1815 civibus
1037 1749 1211 1814 honorifice
1227 1749 1414 1834 suscipitur,

289 1832 400 1918 ibique
423 1835 554 1920 quidam
576 1835 668 1900 miles
690 1837 818 1900 nomine
838 1834 1075 1901 Bernhardus0*
1097 1843 1264 1899 accusatus
1287 1834 1415 1899 educe

291 1915 462 2002 Saxoniae,
494 1919 582 2006 quod
609 1921 642 1983 in
669 1942 748 1985 nece
771 1920 896 1983 comitis
923 1919 1114 1984 Herimanni
1150 1917 1190 1982 de
1212 1916 1416 2002 Winceburg

289 2003 407 2065 noxius
430 2012 599 2086 teneretur,
621 2006 711 2068 iussu
730 2004 932 2089 imperatoris
954 2004 1059 2089 capite
1080 2003 1220 2090 punitur.

293 2147 495 2154 m*-

632 2202 794 2254 Receasio
814 2203 854 2254 ΙΙ.
875 2201 967 2254 codd.
987 2201 1021 2254 B.
1043 2201 1070 2254 0.

292 2326 355 2390 que
378 2304 587 2391 sollempnem
610 2307 842 2372 ordinationem
863 2329 883 2369 a
904 2304 1099 2391 quibusdam
1119 2305 1307 2390 vulgaribus
1326 2306 1413 2372 facta

291 2388 459 2472 seditione,
482 2413 525 2454 ex
553 2391 719 2476 inproviso
742 2401 886 2489 tempore
903 2391 1108 2454 meridiano<l
1134 2389 1217 2454 bello
1244 2391 1410 2476 inpetitur.

290 2473 470 2560 imperator
498 2496 574 2540 vero
605 2484 637 2539 et
665 2476 716 2538 sui
745 2475 850 2539 subrto
874 2477 998 2556 armati²
1025 2474 1131 2538 hostes
1154 2475 1270 2540 strictis
1293 2473 1411 2558 gladiis

291 2567 378 2622 trans
400 2558 555 2645 Tyberim
578 2559 752 2640 remittunt,
774 2569 806 2622 et
827 2568 915 2622 tanta
936 2559 970 2621 in
993 2580 1047 2622 eos
1069 2558 1147 2624 cede
1170 2559 1348 2640 deseviunt,
1375 2567 1413 2624 ut

290 2642 308 2704 i¹
327 2664 360 2706 se
382 2641 492 2706 alveus
513 2642 653 2707 fluminis
675 2652 760 2708 totus
787 2665 843 2706 san
867 2643 941 2706 uine
969 2644 1151 2707 occisorum
1178 2644 1411 2707 immutaretur.

326 2747 365 2789 ac
387 2735 519 2790 cruenta
538 2727 673 2791 victoria
697 2664 923 2791 tantillum
944 2747 1044 2812 parva
1065 2749 1164 2791 manu
1184 2749 1316 2791 suorum
1337 2749 1411 2812 per-

292 2819 426 2895 petrata,
449 2833 483 2875 se
507 2812 594 2875 uenti
616 2811 668 2876 die
689 2833 754 2875 non
776 2820 917 2874 moratus
938 2809 1077 2874 reditum
1098 2811 1243 2893 instituit,
1266 2819 1298 2876 et
1319 2833 1410 2875 exer-

293 2896 393 2958 citum
414 2833 607 2959 incolumem
628 2895 662 2957 in
683 2897 819 2980 patriam
841 2893 980 2959 reduxit.

605 2979 656 3042 4.θ
699 2977 795 3042 Anno
817 2978 950 3042 Domini
974 2977 1055 3041 1155
1064 2978 1083 3042 f.

365 3062 573 3147 *Imperator
584 3061 623 3126 de
635 3061 728 3126 Italia
740 3061 879 3126 Galliam
893 3083 1051 3144 reversus,
1062 3060 1301 3148 perturbatores
1316 3063 1410 3147 regni

289 3155 321 3210 et
342 3147 432 3232 pacis
455 3147 535 3211 adeo
558 3146 710 3228 edomuit,
732 3147 823 3210 utin
844 3144 936 3212 brevi
965 3147 1055 3231 quies
1076 3146 1259 3209 firmmsima
1286 3155 1409 3230 terrore

289 3230 338 3292 sui
359 3229 515 3296 adventus
537 3230 733 3295 redderetur.

456 3317 511 3380 5.ss
553 3317 648 3380 Anno
671 3315 851 3379 dominicae
873 3313 1101 3378 incarnationis
1126 3312 1238 3379 1156.¹¹

364 3398 569 3485 *Imperator
581 3397 749 3464 Coloniam
764 3399 850 3462 circa
865 3397 981 3462 festum
997 3399 1140 3461 omnium
1155 3406 1340 3462 sanctorum
1352 3419 1411 3462 ve-

285 3482 387 3562 niens,
398 3481 440 3545 ab
451 3483 694 3568 archiepiscopo
703 3480 846 3546 Arnoldo
858 3490 890 3546 et
899 3481 1023 3546 civibus
1031 3480 1205 3565 honorifice
1218 3483 1406 3567 suscipitur;

287 3565 344 3630 ubi
378 3565 486 3629 uidam
498 3565 588 3630 miles
599 3566 818 3631 Bernhardusi
830 3566 969 3648 nomine,
981 3566 1081 3650 quiin
1092 3586 1205 3630 necem
1215 3565 1411 3630 Herimanni

288 3648 328 3712 de
355 3585 558 3734 bruneburg
587 3651 787 3737 conspirasse
816 3671 835 3712 a
862 3648 945 3714 duce
969 3648 1135 3714 Saxonum
1163 3653 1328 3715 convictus
1351 3661 1409 3733 est,

288 3731 465 3797 inconsulte
487 3735 675 3819 procedens,
697 3735 786 3798 iussu
807 3735 908 3820 ipsius
930 3735 1132 3820 imperatoris
1154 3732 1338 3799 decollatur.

288 3894 311 3948 a)
329 3897 493 3938 destruxerunt
510 3919 535 3928 -
552 3899 701 3939 subiecerunt
718 3921 743 3930 -
761 3895 993 3938 devastaveruntrta.
1024 3895 1088 3949 b)ita
1103 3898 1152 3949 Aa,
1168 3898 1206 3936 nbi
1221 3896 1408 3942 AnnoD.1155.

275 3956 346 4006 ¹Imp.
366 3979 391 3988 -
407 3957 544 3997 Decembris
556 3963 607 4008 post
622 3959 672 3998 add.
718 3956 740 4010 e)
757 3957 823 3998 1155.
840 3956 890 3997 Aa.
937 3951 971 4006 c*)
992 3957 1125 3996 Bernardus
1141 3956 1189 3997 Ar.
1206 3971 1234 3990 =
1251 3955 1275 4006 d)
1296 3956 1408 3998 mediano

288 4017 556 4060 corr.merldtanoB1.
587 4016 609 4068 e)
627 4019 647 4057 a.
665 4017 705 4060 02.
736 4014 1057 4067 01155.porteerr.1154.
1076 4015 1116 4058 02.
1147 4013 1171 4067 g)
1187 4016 1208 4056 4.
1227 4015 1268 4055 02.
1317 4013 1408 4066 hlpost

288 4086 346 4116 cerr.
366 4075 431 4116 1155.
449 4075 489 4114 02.
549 4074 566 4126 i)
582 4077 716 4116 Bernsrdus
732 4077 751 4114 B
761 4077 781 4115 1.

290 4221 318 4290 1)
353 4223 432 4274 Urbes
456 4223 511 4275 ium
531 4233 591 4276 ente
615 4224 753 4288 subiectae,
772 4241 825 4274 non
844 4233 932 4274 tamen
961 4224 1110 4275 destructae
1138 4231 1207 4274 sumt.
1295 4223 1324 4286 2)
1344 4223 1407 4274 Iam

287 4314 314 4349 a.
336 4297 423 4356 1153;
444 4297 478 4362 cf.
497 4295 569 4350 Ana.
588 4297 733 4364 liquentes,
754 4295 803 4348 SS.
823 4296 929 4359 XXIV,
947 4313 974 4362 p.
995 4297 1040 4348 38.
