2970 4996
265 425 452 478 caeculus
470 425 585 478 Rham
605 423 846 479 COLONIENSIS
865 427 897 476 A.
920 427 999 480 1161.
1150 429 1201 478 10⁷

455 598 618 654 Recensio
638 599 663 652 Ι.
683 601 775 652 codd.
795 600 828 651 A.

76 686 163 752 ciero
196 687 359 768 Romano,
387 695 423 749 nt
452 689 498 751 ad
513 688 711 772 peticionem
737 689 886 751 universi
907 686 1030 772 papali
1052 686 1197 750 Romani

75 781 106 834 et
122 771 169 834 ad
184 793 355 835 assensum
370 773 467 835 totins
480 771 558 856 fere
573 781 706 835 senatus
719 781 747 834 et
759 773 1018 855 capitaneorum,
1030 770 1200 850 baronum,

75 853 240 920 nobilium
262 864 329 919 tam
351 864 446 920 entra
468 879 568 940 qnam
589 855 685 938 infra
715 856 825 920 Urbem
843 857 1121 936 commorantium,
1141 877 1200 918 nos

75 941 115 1003 in
145 941 316 1025 repimen⁸
343 939 541 1024 apostolicae
573 941 660 1005 sedis
694 939 848 1026 elipcrent
883 949 911 1002 et
943 940 977 1003 in
1008 941 1079 1003 sede
1115 939 1201 1003 beati

75 1023 193 1088 Petrib
226 1022 431 1105 collocarent,
465 1024 552 1110 quod
584 1025 714 1108 quidem
746 1047 812 1088 non
844 1024 966 1088 nostris
992 1024 1125 1104 meritis,
1156 1032 1202 1087 set

75 1108 201 1172 diuina
227 1108 441 1192 providentio
474 1111 625 1189 everrisse,
659 1107 844 1172 mediatenus
870 1107 1068 1171 dubitamus.
1127 1107 1202 1172 Etsi

77 1193 275 1275 iniquorum
297 1215 357 1256 nos
378 1193 475 1256 tnrbo
497 1191 645 1275 lacessat,
669 1192 863 1274 confidimns
886 1202 993 1256 tamen
1016 1199 1053 1257 in
1068 1193 1200 1256 domino

76 1277 165 1356 Iesu,
197 1278 294 1340 onias
317 1277 533 1363 procidentia
561 1280 599 1342 in
627 1279 682 1340 sai
714 1278 927 1362 dispositione
958 1298 1025 1340 non
1045 1275 1196 1360 fallitur,

99 1361 168 1424 nod
193 1360 272 1425 baec
297 1363 408 1424 orinia
429 1363 538 1446 ipsine
558 1362 787 1426 misericordia
803 1361 977 1426 ordinante
992 1359 1092 1442 fiant,
1112 1361 1200 1424 oidc·

75 1382 152 1508 iicet
175 1453 213 1507 ut
234 1447 303 1509 iam
331 1469 420 1508 nnnc
444 1469 464 1508 a
497 1447 618 1532 pronis
648 1445 770 1530 paleae
797 1454 1003 1529 separentur,
1034 1444 1073 1508 ab
1103 1445 1202 1530 apnis

75 1529 166 1609 edi1,
186 1551 207 1592 a
222 1529 316 1593 bonis
326 1529 476 1614 piscibus
497 1529 587 1610 moli,
611 1532 718 1614 sicque
741 1531 779 1593 de
801 1551 903 1614 repno
926 1531 995 1593 eins
1017 1531 1086 1591 inm
1108 1552 1188 1592 scon

75 1611 162 1677 tato
192 1613 295 1676 multo
327 1614 535 1700 coiiipantnr.
584 1615 684 1678 Novit
706 1614 832 1698 liquido
854 1623 924 1693 tao,
946 1612 1057 1678 dilecte
1077 1612 1201 1696 frater,

76 1698 247 1778 discretio,
263 1707 388 1783 quanto
405 1707 477 1762 orta
489 1697 601 1782 faerit
616 1701 701 1762 inter
716 1698 883 1762 ecclesiam
893 1697 959 1760 Dei
974 1705 1002 1759 et
1016 1698 1202 1781 imperi-am,

78 1784 168 1845 inter
191 1804 330 1868 repetam
353 1791 381 1846 et
403 1783 620 1847 sacerdotium
636 1783 815 1863 discordia,
839 1782 998 1865 adquam
1020 1781 1203 1845 sedandam

78 1887 174 1950 spem
202 1866 357 1930 habemns
387 1870 424 1930 in
455 1889 490 1931 eo
521 1865 706 1952 confortari
756 1868 793 1930 ni
822 1869 860 1930 in
889 1887 922 1928 sc
951 1865 1202 1946 confidentiumc

79 1951 236 2035 disponit
257 1950 367 2014 saluti.
413 1952 513 2016 Testis
536 1961 581 2014 cst
603 1951 695 2016 nobis
754 1951 891 2030 ominus,
915 1950 1001 2034 qnod
1023 1949 1124 2013 inias
1153 1950 1203 2012 rei

74 2035 210 2117 fiducia
242 2037 301 2099 boc
331 2057 413 2098 onus
434 2037 532 2119 preci
557 2057 596 2098 ne
624 2037 835 2121 suscepimus.
880 2033 1007 2098 Idcirco
1030 2043 1069 2114 te,
1087 2033 1203 2117 frater

79 2120 265 2201 carissime,
278 2121 315 2183 in
327 2119 470 2184 Domino
490 2059 710 2199 eniomamnr,
729 2128 765 2182 at
776 2141 847 2182 ana
859 2118 1025 2182 nobiscnm
1041 2127 1204 2182 auctorem

79 2205 230 2268 omnium
245 2226 382 2268 onerare
397 2227 464 2268 non
480 2204 619 2268 desistas
635 2213 663 2267 et
675 2203 916 2268 dilectissimum
929 2201 1042 2282 fliium
1057 2211 1204 2266 nostrum

80 2287 295 2353 Fridrricnm
316 2289 501 2352 Rom-annm
522 2289 750 2372 imperatorem
767 2288 1068 2352 victoriosissimam
1085 2287 1121 2350 in
1144 2287 1202 2350 idd

80 2373 196 2455 ipsam
213 2374 401 2454 admoneas,
422 2381 459 2435 at
472 2373 581 2455 ipsias
594 2374 652 2456 pio
669 2372 837 2435 adiutorio
853 2379 984 2435 cunctos
999 2370 1124 2436 Christi
1138 2373 1202 2434 ini-

81 2458 186 2520 micos
209 2467 239 2522 et
261 2459 461 2522 scismaticos
483 2477 682 2538 saperemus.

161 2540 267 2606 Simili
278 2541 373 2604 modo
382 2539 593 2621 ausanius,
607 2540 662 2624 qui
673 2549 705 2604 et
713 2537 906 2620 Alexander,
918 2537 958 2603 de
976 2538 1045 2603 istis
1064 2539 1204 2623 scripsit,

81 2623 255 2691 Victorem
276 2636 308 2690 et
329 2647 404 2689 suos
426 2646 581 2710 sequaces
603 2625 803 2688 scismaticos
824 2620 1001 2708 appellans.

163 2712 277 2796 Itaque
309 2711 482 2794 imperator
517 2717 549 2772 et
580 2709 634 2793 qui
674 2707 733 2771 sub
762 2707 907 2772 Romano
945 2707 1080 2791 imperio
1117 2714 1207 2770 erant

83 2794 253 2860 Victorem
275 2815 334 2879 pro
357 2791 512 2857 catholico
535 2812 622 2877 papa
643 2790 814 2858 habebant.
846 2789 993 2854 Aliarum
1012 2800 1119 2854 autem
1135 2811 1207 2875 prc-

84 2879 268 2943 vinciarum
290 2877 393 2963 reguli
415 2885 448 2942 et
460 2876 572 2962 populi
583 2874 803 2941 Alexandrum
817 2897 876 2960 pro
891 2874 1077 2960 apostolico,
1098 2875 1207 2938 nescio

86 2985 130 3028 an
154 2963 229 3029 odio
251 2964 453 3048 imperatoris
475 2984 517 3026 an
537 2969 687 3045 respectu
709 2961 864 3041 iusticias,
887 2957 1084 3024 excolebant.

108 3053 114 3062 '
168 3046 294 3112 Eodem
316 3067 400 3110 anno
423 3045 607 3132 patriarcha
627 3044 863 3131 Aquileiensis²
893 3043 986 3124 obiit3
1010 3044 1062 3106 cui
1084 3063 1208 3106 succes-

89 3155 144 3198 sor
178 3132 298 3197 electus
331 3139 380 3195 est
411 3129 540 3215 quidam
569 3126 686 3193 nobilis
714 3129 850 3210 iuvenis,
884 3138 1038 3212 cognatus
1073 3128 1208 3212 impera-

436 3275 594 3326 Recensio
614 3272 656 3325 ΙΙ.
675 3275 766 3325 codd.
786 3273 819 3324 Β.
840 3272 867 3325 0.

89 3371 188 3436 Itaque
220 3371 366 3435 imperator
401 3373 428 3418 et
457 3368 503 3432 qui
527 3367 576 3418 sub
606 3367 681 3418 eius
710 3372 786 3418 erant
820 3367 932 3433 imperio
965 3365 1098 3416 Victorem
1131 3365 1208 3415 ioco

90 3445 214 3496 summi
239 3442 428 3509 pontificis
448 3441 592 3503 habebant,
619 3440 730 3491 aliarum
751 3445 839 3491 autem
860 3455 948 3510 reges
976 3444 1008 3488 et
1026 3441 1209 3505 principes

91 3518 301 3585 provinciarum,
336 3517 494 3581 episcopi
521 3519 554 3564 et
579 3513 726 3565 abbates
752 3511 898 3595 populique
923 3527 1039 3564 omnes
1058 3510 1210 3563 Alexandro

92 3605 264 3662 tamquam
282 3594 738 3658 catholicopspeparebant.
762 3581 827 3661 Qul
838 3578 1212 3665 posihecstranslcnsin

91 3669 276 3749 Franciam,
299 3687 319 3729 a
339 3687 415 3752 rege
438 3665 574 3728 Francis
605 3663 842 3751 omnibusquess
864 3663 1024 3749 episcopis
1055 3673 1087 3726 et
1114 3662 1212 3728 abba-

91 3754 180 3818 tibus
199 3750 376 3816 honorifice
399 3749 581 3835 suscipitur,
604 3771 623 3812 a
645 3748 763 3834 quibus
785 3750 880 3814 etiam
895 3771 954 3834 per
975 3746 1119 3846 aliquoth
1135 3756 1212 3810 tem-

92 3859 155 3986 pus
169 3835 467 3900 habundantissime
482 3833 544 3899 sibi
560 3832 689 3917 suisque
704 3833 884 3897 necessaria
899 3829 1213 3897 subministrantibus

116 3920 282 3985 etinctum.

93 4046 116 4099 a)
131 4058 230 4098 regnum
246 4047 293 4087 At.
326 4043 592 4097 impersonatam.
630 4042 848 4094 c)confltent.A1.
885 4039 909 4093 d)
925 4041 980 4080 deest
996 4041 1046 4083 Al.
1077 4039 1213 4093 e)Ru1snd.

92 4104 544 4157 A13Roland.A2.=i)hcc01.
605 4101 628 4154 g)
646 4104 760 4152 questrat
777 4102 817 4142 01.
879 4099 1075 4153 melicraton
1136 4099 1213 4152 iiiii.

93 4170 118 4207 in
133 4169 180 4207 cod.
193 4167 240 4205 Bl.
257 4175 336 4204 manas
348 4165 425 4213 paullo
441 4164 545 4202 remetior
561 4173 615 4202 saec.
633 4163 696 4200 ΧΙΙΙ,
715 4162 799 4201 dnobus
808 4161 873 4209 fotiir
886 4165 936 4210 post
952 4160 1046 4209 adiectis,
1062 4161 1214 4200 narrationem

94 4227 119 4266 ae
134 4227 216 4266 matio
236 4224 351 4264 Mediolani
366 4234 391 4262 ea
406 4234 447 4262 rec.
456 4223 516 4263 codd.
527 4221 554 4260 Α.
564 4221 593 4260 od
608 4222 694 4260 verbnm
710 4221 837 4270 descriptam
852 4219 950 4266 inscruit,
966 4219 1031 4258 cerba
1046 4220 1137 4260 sanast:
1146 4221 1215 4260 Anno

94 4285 191 4326 Domini
208 4285 274 4324 1162.
288 4283 445 4323 Mediolanum
462 4282 577 4322 devictum
593 4285 662 4330 atque
678 4281 819 4320 destructum
836 4283 871 4320 eet
888 4279 953 4317 -in
971 4279 1064 4318 civitate
1079 4289 1135 4318 vero
1155 4279 1218 4338 nulii¹

94 4345 274 4395 permittebatur
289 4343 411 4383 habltatio.

97 4440 126 4509 1)
138 4442 157 4493 i.
173 4457 195 4493 e.
210 4439 297 4491 hoedi.
372 4436 400 4504 2)
414 4437 572 4503 Pereqrinus
586 4435 610 4498 I,
625 4434 671 4500 qni
684 4434 752 4486 redit
762 4434 795 4484 ab
809 4451 879 4484 anno
897 4433 1007 4482 1132-
1017 4434 1096 4495 1161,
1108 4431 1177 4499 Any.
1189 4431 1215 4484 8.
