2924 5006
123 409 310 463 CHRONICA
323 410 436 464 REGIA
451 409 702 463 COLONIENSIS.
723 410 826 463 CONT.
837 410 876 462 II.
896 410 928 463 A.
940 410 1019 462 120⁷.
1031 410 1112 464 1208.
1151 411 1203 461 183

85 578 237 644 instantia
272 579 423 665 omnique
458 577 612 643 fidelitate
651 600 782 644 causam
818 579 919 663 ipsius
956 597 1051 664 agere
1088 578 1204 645 debeat

84 664 285 812 gratiamtpue
307 685 393 750 pape
414 671 479 726 tam
501 663 563 749 ipsi
586 684 681 749 quam
698 662 815 727 Adolfo
837 663 1080 750 archiepiscopo
1102 663 1202 750 impe-

85 757 166 812 trare
188 747 229 813 de
253 756 335 818 eats

321 847 417 914 Anno
439 848 598 914 dominice
619 849 847 914 incarnationis
871 849 962 914 1208.

164 951 204 1014 In
226 973 307 1016 cena
321 951 455 1016 Domini
471 953 539 1016 vise
562 962 636 1016 sunt
657 962 721 1017 tres
744 950 818 1016 lune
839 951 874 1014 in
890 949 1033 1016 Saxonis
1053 948 1200 1036 pluribus
1210 971 1266 1023 sps.
1276 973 1298 1020 s.

83 1036 114 1099 in
134 1033 213 1100 locis
243 1057 422 1123 avespera
448 1058 550 1122 usque
579 1057 671 1100 mane
698 1037 805 1121 girare
833 1035 1080 1116 firmamentum,
1107 1044 1139 1100 et
1166 1036 1200 1099 in

83 1119 187 1184 media
224 1141 354 1184 crucem
387 1119 635 1207 pulcherrimam
668 1129 700 1184 et
733 1121 810 1184 satis
843 1142 1004 1205 magnam,
1041 1120 1075 1182 in
1108 1119 1200 1184 cuius

82 1203 185 1269 medio
208 1203 433 1268 nichilominus
456 1226 536 1267 crux
561 1203 746 1290 permodica
764 1205 925 1290 apparuit,
948 1225 1020 1290 que,
1043 1203 1201 1288 superiori

83 1310 180 1352 cornu
202 1287 322 1370 ablat0,
352 1289 454 1354 tribus
477 1297 622 1352 constare
643 1287 827 1371 videbatur3
856 1287 943 1352 unde
969 1295 1104 1352 mortem
1125 1287 1200 1351 Phi-

82 1370 123 1458 lip
147 1373 159 1435 i
180 1373 278 1458 regis,
335 1395 375 1437 ue
406 1374 439 1436 in
467 1372 561 1437 brevi
587 1370 683 1436 subse
708 1384 785 1437 unta
814 1381 871 1454 est,
905 1371 1047 1458 quidam,
1066 1370 1200 1457 intelligi

82 1395 258 1521 voliierunt.
326 1479 372 1522 1se
389 1467 464 1521 sunt
477 1458 573 1521 etiam
589 1393 726 1522 seintide
748 1456 919 1520 candentes
942 1477 1200 1543 quaquaversum

81 1542 114 1604 in
141 1563 214 1606 aere
242 1539 387 1606 volantes
415 1541 619 1605 circumferri.
704 1538 873 1627 Philippus
902 1562 970 1622 rex,
1004 1560 1200 1687 quamthuam

83 1633 162 1690 etate
188 1627 325 1708 iuvenis,
358 1627 503 1712 potentia
534 1634 642 1689 tamen
676 1624 780 1690 clarus
810 1634 842 1689 et
869 1624 988 1710 pietate
1014 1646 1109 1710 prece
1134 1646 1200 1706 ens,

82 1707 165 1772 domi
187 1707 373 1809 miliciaque
396 1711 546 1795 optimus,
577 1708 724 1794 largitate
752 1731 883 1774 serenus
910 1718 942 1773 et
970 1709 1111 1772 omnium
1137 1708 1200 1772 vir·

83 1803 182 1858 tutum
215 1794 364 1879 insigmis
396 1794 580 1880 precipuus,
614 1815 633 1856 a
665 1793 806 1879 palatino
834 1792 874 1857 de
901 1791 1198 1877 Wittinlingisbaoh

83 1877 252 1942 crudeliter
284 1889 315 1944 et
351 1878 433 1964 proh
466 1876 571 1942 dolor!
607 1877 743 1942 nimium
782 1874 1005 1942 miserabiliter
1041 1876 1200 1940 occiditur

82 1959 190 2046 vigilia
204 1960 358 2027 iohannis
373 1961 522 2048 baptiste.
565 1960 661 2026 Unde
683 1961 752 2026 dux
766 1962 898 2026 Boemie
921 1961 1082 2046 ceterique
1104 1959 1199 2024 amici
1209 1985 1261 2026 ras.
1270 1985 1307 2026 rs.
1376 1982 1382 1988 ’

83 2054 114 2108 et
134 2047 265 2132 cognati
287 2048 356 2111 eius
379 2045 418 2110 de
440 2055 541 2110 morte
563 2044 636 2110 talis
658 2066 698 2109 ao
724 2048 804 2111 tanti
833 2046 989 2132 principis
1012 2066 1109 2144 quam
1130 2043 1199 2130 pln-

84 2130 193 2194 rimum
223 2129 438 2212 condolentes,
466 2141 531 2196 tam
555 2151 630 2194 uam
657 2131 836 2194 inauditum
862 2129 987 2193 facinus
1015 2129 1198 2216 rnpunitum

83 2215 214 2280 transire
237 2237 303 2280 non
325 2215 491 2301 patientes,
514 2237 552 2278 ur
577 2237 620 2295 es,
644 2213 774 2279 castella
795 2224 827 2278 et
848 2215 956 2278 omnia
977 2235 1040 2299 que
1062 2212 1201 2299 predicti

84 2297 212 2382 palatini
250 2322 321 2364 esse
357 2308 505 2385 poterant
537 2299 727 2384 diripiendo,
763 2297 997 2363 concremando
1030 2297 1200 2362 devastare

15 2451 16 2456 .
84 2392 243 2467 ceperunt,
276 2383 448 2470 ipsumque
475 2383 619 2448 unanimi
646 2383 882 2469 conspiratione
910 2383 1125 2468 insequentes,
1159 2380 1200 2446 de

83 2463 150 2531 loco
185 2467 228 2531 ad
264 2467 372 2533 locum
400 2467 573 2553 profugum
605 2467 754 2532 incedere
788 2464 1019 2552 compulerunt.
1105 2464 1200 2530 Estas

15 2585 16 2600 .
83 2547 157 2614 levis
179 2561 212 2616 et
235 2553 329 2634 sicca,
357 2550 469 2616 fertilis
499 2564 531 2617 et
557 2550 671 2632 calida,
702 2551 782 2615 adeo
811 2561 847 2615 ut
875 2548 1033 2614 maldrum
1063 2548 1199 2634 siliginis

84 2634 104 2698 6
133 2633 238 2720 libris,
273 2637 292 2701 7
322 2636 460 2701 denariis
493 2647 661 2701 emeretur.
746 2635 919 2699 Heinrious
952 2634 1021 2698 dux
1053 2634 1198 2698 Lovanie

85 2716 207 2784 hortatu
230 2729 262 2785 et
283 2721 437 2785 instinctu
463 2723 547 2805 regis
569 2720 725 2784 Francie¹
754 2740 878 2784 necnon
905 2729 937 2783 et
963 2719 1081 2804 regine,
1114 2717 1200 2804 regis

85 2801 223 2890 Philippi
246 2805 401 2890 coniugis,
431 2825 490 2889 pro
517 2804 703 2890 optinendo·
719 2826 819 2889 regno
873 2803 1007 2868 uosdam
1037 2803 1199 2888 principes

86 2886 283 2973 interpellare
297 2897 501 2975 pertemptat.
546 2888 611 2953 Sed
628 2889 778 2952 Brunone
801 2825 1056 2974 archiepiscopo,
1081 2885 1199 2952 Sifrido

85 2970 303 3058 Mogonoiensi
330 2972 579 3058 archiepiscopo,
635 2973 669 3036 ui
696 2993 733 3036 eo
762 2981 914 3057 tempore,
945 2981 1059 3056 utputa
1088 2971 1200 3035 divina

86 3054 272 3154 disponente
329 3055 520 3138 rovidentia,
561 3055 600 3120 de
660 3077 749 3125 onia¹
770 3059 888 3140 pariter
925 3055 1135 3137 advenerant,
1168 3063 1201 3118 et

87 3138 235 3205 Heinrico
270 3079 410 3227 palatino
445 3138 579 3226 aliisque
613 3163 709 3226 quam
761 3139 885 3205 luribus
913 3139 1106 3203 unanimiter
1135 3135 1198 3201 sibi

738 3162 849 3288 bruno
873 3222 1074 3288 Coloniensis
1096 3221 1197 3285 archi-

86 3224 311 3307 resistentibus‚
339 3245 479 3372 arogno
508 3227 655 3289 cessavit.

87 3307 189 3391 episco
213 3332 252 3373 us
268 3307 347 3374 obiit
360 3309 391 3372 4.
438 3330 516 3372 onas
527 3308 701 3374 Novembr.
786 3309 825 3372 ln
846 3306 927 3372 festo
949 3307 1052 3371 sancti
1065 3305 1198 3370 Martini
1207 3331 1308 3373 man.

87 3392 167 3476 apud
189 3332 434 3458 lrankenvorts
458 3393 547 3457 curia
569 3392 649 3457 adeo
672 3391 805 3457 celebris
832 3390 943 3455 habita
965 3401 1023 3472 est,
1050 3400 1086 3454 ut
1108 3389 1198 3475 quin-

87 3479 236 3561 quaginta
264 3479 406 3565 quinque
433 3477 596 3563 principes
623 3476 689 3540 illic
717 3476 904 3540 convenisse
930 3473 1152 3560 probarentur,
1179 3495 1199 3537 a

88 3561 199 3644 quibus
228 3561 376 3627 omnibus
399 3561 476 3627 Otto
504 3583 563 3625 rex
590 3561 698 3625 votiva
726 3559 899 3624 concordia
927 3567 959 3622 et
985 3557 1129 3622 unanimi
1151 3558 1198 3619 in-

89 3643 256 3727 spiratione
278 3646 311 3708 in
332 3667 441 3731 regern
464 3654 513 3710 est
535 3643 714 3710 declaratus
736 3653 768 3708 et
788 3645 823 3707 in
836 3665 937 3728 regno
952 3642 1087 3707 feliciter
1102 3638 1199 3705 subli-

89 3736 218 3795 matus².
264 3730 382 3816 Sicque
408 3729 519 3793 divina
539 3727 601 3793 sibi
627 3729 754 3793 favente
783 3726 952 3792 clementia
979 3727 1078 3791 totius
1107 3728 1199 3811 regni

88 3813 299 3879 monarchiam
322 3813 407 3878 solus
430 3813 578 3899 optinuit.
620 3813 672 3879 lbi
694 3815 790 3878 etiam
806 3810 968 3897 Philippii
991 3810 1077 3896 regis
1098 3808 1198 3874 filiam

90 4011 112 4066 a)
126 4017 268 4060 Franckenv.
285 4017 323 4058 As
345 4017 384 4057 tor
402 4018 455 4060 loeo.
515 4015 539 4067 b)
556 4017 649 4068 Phillip.
667 4016 715 4058 As.

94 4186 120 4254 1)
139 4188 176 4256 ΟΥ.
195 4189 374 4243 Winkelmana
392 4189 435 4254 II,
450 4207 480 4256 p.
502 4188 564 4240 118.
648 4186 677 4255 2)
697 4187 742 4240 Itu
760 4195 827 4240 recte
853 4204 920 4253 quae
940 4193 1003 4240 tunc
1022 4187 1199 4256 Franoofarti

91 4269 161 4326 gesto
187 4273 247 4315 sant
279 4271 371 4316 auctor
401 4261 547 4330 reprimere
579 4261 702 4323 uideturf
737 4277 800 4312 nom
835 4259 952 4314 Ottonem
982 4279 1076 4315 ream
1105 4263 1199 4314 baum

96 4349 144 4387 erse
162 4339 275 4401 electam,
300 4354 332 4389 ac
350 4335 384 4388 tis
408 4336 513 4403 quidem
532 4353 600 4402 quoe
625 4335 805 4388 Wiakelmaan
824 4333 865 4398 II,
880 4351 911 4400 p.
931 4334 987 4387 480
1005 4352 1062 4402 sqq.
1081 4335 1201 4401 esposuit

92 4421 315 4471 peramarum.
