2970 4996
297 392 349 440 142
426 390 612 443 CHRONIOA
631 390 744 442 REGIA
764 389 1011 443 COLONIENSIS.
1032 391 1135 445 CONT.
1152 393 1186 444 A.
1207 392 1287 444 1189.

691 562 858 614 Recensio
878 562 901 614 1.
922 571 950 613 et
968 563 1015 613 ΙΙ.

211 673 214 679 “
298 667 501 754 imperatoris
525 663 652 730 Siculus
674 688 733 730 rex
754 663 938 731 inhibuerat
966 668 1135 732 transitum
1165 669 1356 754 peregrinis,
1379 691 1420 734 eo

294 752 384 837 ‚quod
413 753 518 816 victus
546 749 668 813 deforet
696 751 729 812 in
759 750 990 833 transmarinis,
1017 760 1050 816 et
1076 751 1161 836 quod
1189 773 1288 816 manu
1315 774 1422 838 parva

297 835 396 900 nichil
417 835 522 898 facere
544 844 675 918 possent
701 843 813 898 contra
838 855 982 920 paganos
1012 844 1086 899 ante
1106 836 1280 900 adventum
1302 859 1420 921 regum

298 920 496 985 diversorum
527 928 559 982 et
590 918 693 1003 ipsius
721 918 933 1003 imperatoris.
1030 919 1226 984 Iherusalem
1253 923 1357 984 muris
1387 931 1420 986 et

297 1003 439 1068 turribus
468 1001 655 1067 obfirmatur
682 1001 724 1064 ab
752 1001 885 1066 ethnicis
895 1012 917 1065 ⁸.
972 1001 1183 1088 Sepulchrum
1215 1005 1419 1070 dominicum

298 1087 466 1153 clauditur.
500 1085 597 1165 Acra,
620 1107 693 1149 cum
715 1096 788 1170 post
802 1107 914 1150 necem
931 1084 1175 1152 christianorum
1194 1110 1254 1173 per
1268 1088 1418 1175 aliquotl

299 1181 424 1257 tempus
453 1170 579 1234 deserta
603 1169 783 1251 haberetur,
813 1179 924 1318 utpote
949 1170 1071 1234 fracta⁶
1098 1180 1131 1235 et
1152 1171 1267 1254 diruta,
1297 1175 1417 1238 iterum

298 1255 340 1320 ab
364 1254 516 1320 ethnicisa
537 1252 741 1318 reedificatur
762 1264 794 1318 et
813 1255 846 1316 in
870 1254 1018 1323 abisur.
1049 1252 1157 1320 Solam
1181 1255 1267 1320 sure
1290 1265 1322 1321 et
1345 1257 1418 1322 Tri·

297 1336 398 1426 polim
420 1348 452 1402 et
472 1336 677 1401 Antiochiam
699 1347 730 1402 et
753 1336 884 1402 castella
904 1339 938 1401 in
952 1339 1111 1403 montanis
1125 1340 1231 1423 posita
1247 1340 1417 1406 christiani

298 1424 452 1508 optinent.
516 1419 660 1484 Marchio
683 1419 851 1486 Ounradus
874 1422 999 1507 quietus
1020 1423 1055 1485 in
1067 1422 1150 1487 Sur‘l
1172 1445 1241 1488 esse
1262 1447 1327 1488 nec
1342 1447 1418 1490 con-

296 1505 408 1592 fligere
431 1527 548 1590 cump
591 1505 661 1568 anis
682 1506 801 1586 statuit,
823 1528 873 1587 ne,
896 1507 923 1569 si
945 1507 1105 1571 exercitus
1135 1529 1212 1571 suus
1266 1510 1418 1574 erimere·

297 1599 358 1673 tur,
383 1590 496 1654 civitas
518 1611 538 1652 a
560 1609 577 1650 c
601 1589 740 1654 ristianis
761 1588 923 1674 perditum
945 1591 1014 1654 iret.
1099 1591 1139 1654 In
1160 1613 1202 1654 na
1247 1592 1418 1657 eDomini

296 1673 326 1739 le
350 1675 396 1739 ati
418 1671 542 1738 soldani
563 1672 603 1736 de
616 1672 776 1737 Leoniow
794 1694 868 1736 curn
884 1674 1066 1760 quingentis
1081 1675 1169 1760 equis
1184 1675 1419 1762 imperatorem

340 1766 416 1823 eunt
436 1756 523 1823 mille
544 1777 693 1837 numer03
717 1757 772 1840 qui
786 1755 893 1841 plures
909 1757 981 1821 ideo
996 1758 1086 1820 missi
1103 1768 1186 1838 sunt,
1202 1769 1292 1825 uteo
1308 1763 1418 1846 magis

297 1842 480 1907 crederetur
490 1842 539 1906 his
552 1861 634 1926 quae
645 1841 843 1904 nunciarent.
875 1841 1033 1906 Soldanus
1045 1841 1087 1905 ad
1098 1842 1278 1908 subsidium
1290 1846 1418 1910 itineris

297 1936 329 1991 et
354 1926 397 1990 ad
426 1947 521 2012 opem
541 1922 735 1988 indefessam
762 1925 946 2010 imperatori
967 1935 999 1990 et
1027 1927 1182 1990 exercitui
1204 1928 1272 1993 eius
1301 1951 1337 1994 se
1360 1952 1417 1995 ex-

296 2011 437 2095 positum
463 2009 629 2073 mandavit
656 2017 688 2071 et
715 2009 830 2072 xeniaf
866 2011 895 2073 ei
923 2030 1019 2095 quam
1069 2008 1204 2074 lurimass
1225 2015 1418 2080 transmisit.

297 2092 444 2158 Aderant
453 2094 548 2157 etiam
559 2091 657 2177 legati
669 2091 910 2156 Servianensish
925 2094 1020 2178 regis.
1045 2032 1110 2158 lla
1126 2096 1225 2158 enirni
1238 2095 1419 2162 Severian²

297 2187 384 2242 terra
404 2177 488 2240 inter
508 2177 678 2240 Ruteniam
705 2185 737 2240 et
757 2176 934 2262 Ungariam
955 2178 1070 2263 posita.
1117 2178 1176 2243 Isti
1197 2180 1232 2243 in
1252 2181 1418 2248 mandatis

297 2257 468 2340 habebant,
483 2281 591 2344 regem
606 2261 751 2346 ipsorum
766 2283 891 2324 summo
906 2261 1025 2347 gaudio
1040 2261 1188 2362 perfungi
1201 2285 1261 2350 pro
1273 2264 1419 2331 adventu

297 2345 508 2429 imperatoris,
531 2353 563 2408 et
585 2343 671 2430 quod
691 2344 910 2409 Romanorum
931 2354 1100 2430 augustum
1124 2368 1158 2410 m
1186 2349 1293 2432 specie
1323 2372 1419 2434 pere·

296 2429 382 2528 grini
396 2429 476 2514 perl
497 2437 615 2493 terram
630 2449 720 2492 suam
736 2430 941 2494 transiturum
958 2452 992 2493 se
1006 2429 1115 2494 videre
1137 2442 1291 2515 speraret,
1313 2432 1418 2498 nichil

296 2535 330 2575 ιιι
352 2511 413 2575 hac
433 2513 500 2576 vita
522 2512 690 2576 iocundius
711 2523 869 2598 reputare.
913 2512 967 2577 Ad
987 2513 1049 2577 hoo
1071 2514 1198 2599 scripsit
1219 2517 1259 2597 ei,
1281 2514 1417 2582 nobilis·

299 2597 413 2660 simam
436 2596 565 2660 urbium
589 2617 721 2660 suarum
744 2619 778 2662 se
800 2596 924 2661 adhoc
952 2619 1133 2682 preparare,
1163 2600 1314 2683 quatinus
1339 2622 1417 2666 cum

297 2680 440 2743 maxima
451 2678 682 2764 sollempnitate
698 2702 770 2743 eum
784 2679 831 2744 ibi
843 2680 991 2746 decenter
1010 2682 1182 2767 exciperet,
1204 2691 1236 2748 et
1253 2682 1293 2748 de
1305 2694 1417 2750 cetero

297 2773 395 2848 caput
416 2765 507 2848 regni
530 2765 581 2827 sui
608 2763 742 2829 eandem
774 2761 886 2828 urbem
908 2773 1057 2849 reputare
1085 2767 1139 2829 ac¹
1165 2765 1314 2832 libertate
1343 2791 1418 2834 eam

297 2847 417 2911 donare
448 2846 538 2912 velle.
597 2846 724 2928 Quibus
757 2846 897 2932 gloriose
929 2871 1021 2912 susce
1046 2849 1087 2912 tis
1119 2871 1157 2913 ac
1188 2853 1417 2936 remuneratis,

296 2930 424 2996 diversa
445 2929 530 2994 dona
549 2932 616 3016 regi
641 2953 750 2996 eorum
772 2932 903 3014 remisit,
931 2869 1113 3016 gloddcans
1134 2933 1252 3016 Deum,
1283 2938 1374 3021 quod
1397 2960 1419 3002 a

295 3037 330 3079 re
355 3013 437 3096 bus,
459 3036 539 3099 quos
554 3015 610 3079 vix
624 3037 779 3102 umquam
793 3016 952 3080 nominari
967 3014 1120 3096 audierat,
1135 3019 1216 3083 tanti
1229 3017 1416 3086 haberetur.

331 3037 517 3186 &Primam
539 3099 748 3186 expeditio
772 3098 845 3163 sub
868 3098 1078 3165 Frideric'o
1101 3101 1372 3192 imperatore].

265 3208 286 3239 r.
380 3182 420 3246 ln
442 3182 687 3268 quadragesima
718 3205 816 3248 naves
844 3181 1029 3248 undelibetn
1058 3183 1267 3250 adventantes
1296 3196 1329 3251 et
1352 3187 1418 3253 sibi

294 3266 434 3330 invicem
458 3266 626 3351 copulatae
648 3267 728 3331 velis
757 3268 910 3352 oppansis
937 3269 998 3331 iter
1023 3289 1217 3352 aequoreum
1246 3271 1416 3356 ingressae

294 3360 378 3415 sunt.
401 3351 492 3432 Quae
506 3359 581 3436 post
595 3350 706 3415 decem
721 3350 790 3414 dies
804 3351 1017 3436 navigationis
1029 3371 1104 3416 suae
1114 3362 1325 3438 prosperante
1336 3354 1414 3420 Deo

293 3442 395 3498 terrae
426 3433 536 3498 Sancti
563 3434 676 3498 Iacobi
703 3432 935 3518 applicuerumt.
982 3435 1085 3499 Erant
1114 3438 1283 3520 sexaginta
1310 3460 1414 3504 naves

294 3539 336 3582 ex
364 3519 420 3599 eis,
447 3518 591 3582 virorum
617 3540 693 3584 vero
726 3529 941 3604 pugnatorum
969 3517 1011 3582 ad
1034 3518 1075 3584 10
1095 3518 1184 3583 milia
1206 3530 1238 3586 et
1259 3521 1414 3608 amplius.

293 3601 426 3685 Egressi
447 3602 480 3664 in
502 3601 621 3683 arida0,
644 3602 686 3666 ad
709 3602 863 3668 Sanctum
884 3602 1038 3668 Iacobum
1070 3602 1237 3668 adoratum
1259 3616 1414 3691 pergunt.

294 3683 359 3749 Sed
381 3706 453 3748 cum
475 3684 561 3749 fama
581 3685 806 3750 nichilominus
835 3687 1075 3771 procurrisse,
1098 3708 1153 3751 eos
1182 3698 1280 3774 caput
1302 3692 1412 3755 sancti

292 3767 405 3833 Iacobi
425 3767 506 3833 velle
528 3790 587 3855 per
607 3770 673 3832 vim
695 3770 829 3853 auferre,
845 3771 958 3834 timore
979 3771 1043 3834 acti
1071 3771 1285 3856 provinciales
1313 3795 1372 3838 eos
1394 3797 1415 3840 a

293 3851 497 3938 Conpostelle
524 3851 623 3934 urbis,
659 3850 716 3918 ubi
748 3852 912 3939 apostolus
946 3854 1090 3939 quiescit,
1124 3855 1272 3941 ingressu
1301 3877 1414 3925 arcere

292 4003 431 4056 a)ethtnicis
446 4018 503 4050 corr.
519 4007 617 4047 ethnicis
633 4007 682 4048 Bl.
713 4005 737 4056 b)
753 4009 785 4048 ita
799 4008 849 4050 Aa.
866 4009 912 4050 Bl.
943 4005 1234 4059 murmurassent.
1264 4008 1415 4061 d)Sur’A8;

292 4062 348 4103 Sars
364 4065 407 4106 02.
482 4063 503 4117 e)
517 4066 549 4106 itu
561 4077 605 4116 pro
620 4066 702 4106 Iconio
717 4066 743 4110 Α.
759 4067 786 4110 B.
803 4067 825 4108 θ’.
906 4064 925 4118 f)
946 4077 1014 4110 exon.
1031 4067 1075 4109 0¹.
1151 4066 1175 4120 g)
1190 4069 1246 4108 deest
1262 4069 1314 4120 Bl,
1327 4071 1414 4119 popina

286 4121 360 4173 finito,
376 4127 395 4162 et
409 4123 464 4174 323
485 4125 508 4164 ei
523 4135 615 4174 quoque
630 4125 669 4166 Fr.
730 4123 754 4176 h)
768 4125 913 4168 servitanus
928 4125 979 4168 Aa.
1053 4124 1071 4178 i)
1086 4129 1165 4167 autem
1185 4126 1233 4179 ΔΞ,
1249 4127 1287 4166 ubi
1302 4127 1413 4170 serviam

291 4177 316 4230 k)
332 4181 358 4220 ln
374 4182 417 4223 ct.
478 4182 497 4236 l)
512 4183 556 4224 hcc
572 4185 600 4234 03
617 4188 640 4226 et
655 4185 699 4225 hcc
714 4185 735 4223 B
744 4187 764 4224 1.
830 4184 860 4236 m)
876 4186 909 4224 ita
923 4185 964 4224 Bl
978 4185 1004 4224 in
1018 4195 1087 4234 moro.
1102 4189 1121 4224 ct
1135 4187 1182 4228 Ba.
1229 4185 1254 4238 n)
1262 4189 1415 4230 tantumlibet

293 4239 337 4280 01.
354 4239 562 4292 25undlqueB1.
624 4243 646 4294 o)
662 4244 751 4283 andam
767 4243 817 4285 Aa
876 4241 901 4294 p)
916 4244 1099 4294 percucurrisse
1114 4245 1157 4288 01.

293 4367 321 4431 1)
334 4371 427 4424 Iconio
447 4375 582 4441 rependam
597 4391 659 4440 erse,
673 4375 771 4440 probat
791 4377 863 4430 conr.
875 4370 968 4429 Scabi-
987 4391 1008 4427 c.
1028 4376 1072 4438 31,
1086 4392 1117 4441 p.
1128 4376 1190 4427 319.
1254 4374 1284 4441 2)
1304 4373 1411 4430 Ξανθία.
