2924 5006
85 402 297 455 CHRONICA
316 403 429 456 aneis
450 405 701 458 COLONIENSIS.
724 405 825 457 CONT.
838 406 891 458 ΙΙΙ.
910 408 944 459 Α.
957 406 1035 457 1210.
1050 408 1128 460 1211.
1161 399 1213 458 231

504 581 670 634 Recensio
691 581 715 634 Ι.
737 589 767 632 et
785 582 828 632 ΙΙ.

63 665 207 730 ducere
230 689 295 730 non
316 676 464 753 poterant
484 669 559 753 igne
583 677 770 736 cremantes.
801 667 912 752 Ipsum
927 669 1024 732 etiam
1045 665 1078 730 in
1100 669 1214 733 firmis-

39 761 49 770 ”
66 750 163 814 simo
192 759 228 815 et
248 750 403 816 altissimo
420 763 523 817 castro
544 756 673 815 nomine
685 752 830 816 Termis¹
855 772 928 814 cum
949 751 1122 838 Rutgeror,
1146 751 1212 818 filio

41 856 44 864 ¹
67 836 210 898 sororis
234 837 359 900 comitis
373 835 482 900 Sancti
494 837 545 922 Eg
570 836 625 917 dii,
641 834 740 900 milite
755 834 969 920 pulcherrimo
991 847 1023 900 et
1045 837 1211 922 ditissima,

65 917 300 1002 obsederunt,
323 920 379 983 ubi
402 923 497 984 etiarn
527 859 611 984 idem
633 921 795 1004 Rutgerus
818 919 933 1004 sagitta
954 921 1074 984 interiit
1083 933 1105 986 ².
1137 922 1213 1007 Ipse

65 1013 194 1067 autern
221 1004 423 1086 Remrmdus,
446 1027 517 1069 cum
546 1027 604 1091 per
634 1007 654 1068 5
683 1005 750 1066 dies
780 1003 898 1067 ibidem
930 1003 1143 1087 obsideretur,
1181 1015 1213 1070 et

66 1086 222 1152 cottidie
243 1088 363 1174 populo
387 1111 420 1152 se
442 1095 783 1154 monstraret'auream
804 1087 926 1151 habens
955 1089 989 1151 in
1011 1091 1115 1174 capite
1144 1111 1212 1154 cas-

68 1171 202 1254 sidem,
234 1183 341 1238 tamen
369 1174 517 1238 diffidens
547 1173 586 1236 de
615 1173 764 1236 firmitate
795 1173 900 1252 castri,
930 1182 1024 1237 nocte
1047 1195 1121 1237 cum
1152 1174 1212 1240 100

68 1258 181 1320 sociis
210 1257 332 1324 occulte
354 1259 560 1339 descendens,
582 1259 615 1320 in
630 1279 743 1320 manus
759 1257 801 1320 to
823 1257 1074 1344 peregrinorum,
1098 1260 1153 1343 qui
1169 1259 1212 1322 ad

67 1341 250 1426 quendam
272 1341 392 1408 fontem
414 1354 525 1429 potare
548 1342 588 1406 de
611 1343 721 1405 castris
750 1340 862 1420 ierant,
891 1341 1018 1424 incidit3
1047 1363 1066 1404 a
1094 1343 1211 1428 quibus

68 1447 153 1488 cum
181 1426 335 1493 omnibus
358 1429 423 1490 suis
452 1427 585 1512 capitur.
647 1425 711 1490 Sed
739 1445 812 1487 cum
842 1423 998 1488 infinitam
1028 1428 1210 1511 pecuniam,

68 1531 114 1572 ne
138 1511 179 1573 in
206 1534 320 1575 manus
343 1511 613 1575 Theutonicorum
636 1509 822 1590 traderetur,
846 1509 1055 1594 promitteret,
1077 1532 1142 1575 non
1157 1511 1212 1577 ad·

71 1596 292 1680 quieverunt,
332 1595 388 1660 sed
425 1595 600 1682 capitaneis
636 1594 794 1658 exercitus
829 1615 901 1656 eum
936 1602 1209 1679 presentaverunt.

69 1681 103 1742 A
128 1680 259 1766 quibus
282 1689 376 1743 cuma
403 1680 443 1743 ad
471 1679 568 1744 fidem
595 1687 715 1742 rectam
743 1676 847 1741 redire
874 1677 1063 1760 hortaretur,
1093 1687 1124 1742 et
1145 1701 1211 1744 non

70 1763 319 1850 adquiesceret,
340 1764 621 1829 incarceraverunt
643 1784 733 1844 eum,
754 1760 810 1824 ubi
832 1770 864 1825 et
884 1771 1027 1826 mortuus
1049 1771 1104 1827 est.
1150 1762 1212 1828 Oa·

71 1857 186 1912 strum
212 1850 309 1913 etiam
332 1849 494 1934 capientes
517 1856 548 1910 et
562 1845 710 1910 incendio
727 1845 936 1927 destruentes,
958 1867 1092 1910 uxorem
1115 1847 1210 1912 simul

74 1934 148 1998 eius
175 1955 254 1998 cum
284 1955 391 1997 sorore
412 1933 514 2017 ipsius
536 1942 567 1996 et
588 1929 653 1994 filia
675 1932 742 1995 eius
765 1930 888 2014 virgine
910 1939 942 1993 et
963 1929 1033 1994 aliis
1048 1929 1209 1997 nobilibus

73 2027 250 2102 oeperunt.
291 2020 381 2098 Quae
398 2016 474 2080 dum
491 2038 550 2080 nec
566 2014 732 2079 blandiciis
754 2035 814 2078 nec
829 2014 923 2077 minis
938 2013 1053 2077 molliri
1068 2027 1208 2101 possent,

71 2111 109 2165 ut
148 2101 268 2166 relicto
306 2122 410 2165 errore
440 2100 481 2164 ad
509 2100 652 2164 veritatis
681 2100 840 2162 tramitem
872 2097 1022 2181 redirent,
1053 2099 1207 2166 instructo

60 2186 206 2273 'ingenti
230 2207 319 2270 roge,
342 2207 451 2250 omnes
474 2193 632 2248 crematae
654 2192 737 2248 sunt.
1037 2267 1039 2270 Ι

271 2271 384 2333 Annus
406 2271 436 2334 4.
459 2269 617 2354 imperiii.
655 2267 749 2331 Anno
771 2265 905 2330 Domini
929 2267 1019 2331 1211.

168 2355 447 2439 Ottoimperator
472 2353 634 2439 prosperis
664 2362 756 2416 utens
787 2350 998 2433 successibus,
1021 2361 1121 2416 totam
1143 2350 1206 2416 sibi

77 2437 266 2524 Apuleam⁰
300 2449 332 2502 et
364 2436 545 2502 Calabriam
579 2435 730 2517 subiecit,
764 2436 909 2500 civitates
942 2437 975 2498 in
1012 2435 1207 2500 deditionem

1 2545 2 2548 ’
76 2524 223 2608 accepit,
252 2533 354 2586 castra
379 2520 533 2586 militibus
561 2524 626 2584 suis
655 2520 822 2584 munivitd.
873 2519 923 2583 lbi
956 2519 1051 2584 etiam
1074 2519 1205 2606 quidam

78 2609 249 2693 principes
279 2605 407 2671 Siciliae
435 2627 509 2668 cum
538 2605 732 2685 Sarracenis,
761 2605 817 2689 qui
846 2603 1019 2667 fortissima
1046 2615 1149 2669 castra
1170 2607 1204 2668 in

77 2692 246 2755 montanis
268 2691 427 2774 tenebant,
449 2711 521 2752 eum
538 2690 719 2771 invitantes,
734 2698 832 2752 totam
850 2687 992 2753 Siciliam
1008 2689 1076 2752 eius
1093 2688 1205 2752 ditioni

80 2774 286 2840 subdendam
308 2773 545 2860 promittebant.
643 2773 719 2858 Ipso
745 2794 829 2836 auno
856 2771 1026 2837 multitudo
1051 2772 1207 2837 nobilium

80 2861 309 2945 superiorum*
337 2860 476 2944 partium
505 2869 536 2923 et
568 2856 807 2921 innumerabilis
835 2858 929 2922 turba
955 2879 997 2920 ex
1027 2857 1146 2922 Suevia
1176 2867 1208 2923 et

81 2942 278 3008 Alemannia
300 2943 341 3006 ad
355 2943 518 3028 Begginos
533 2944 646 3006 iterum
662 2941 814 3028 profecta,
829 2939 984 3026 plurimas
1007 2943 1153 3006 civitates
1176 2952 1207 3007 et
1298 2997 1300 3000 .

82 3028 238 3094 castellae
261 3039 415 3114 ceperunt
429 3037 460 3092 et
475 3048 623 3111 magnam
640 3025 875 3090 multitudinem
897 3023 1043 3088 illorumf
1056 3025 1206 3090 incendio

83 3121 115 3175 et
141 3111 316 3199 suspendio
338 3121 543 3192 necaverunt,
555 3109 753 3260 JTolosamss
775 3112 871 3174 etiarn
897 3109 1057 3173 civitatem
1080 3131 1206 3173 rursum

83 3194 291 3262 obsederunt.
328 3196 393 3261 Sed
414 3219 487 3260 cum
508 3197 551 3261 ibi
579 3218 628 3260 em
648 3194 748 3258 nichil
763 3195 962 3280 proficerent,
983 3194 1205 3282 recesseruntl,

83 3287 204 3344 terram
218 3300 317 3366 quam
326 3280 519 3366 subegerant
530 3282 638 3346 comiti
650 3279 785 3364 Symoni
798 3279 837 3342 de
846 3277 1041 3342 Monte-forti
1053 3277 1204 3340 tuendam

84 3366 356 3430 commendantes.
386 3366 495 3453 [Poste
507 3387 643 3453 quorum
659 3385 818 3428 recessum
828 3361 1018 3426 Tolosenses
1034 3382 1107 3424 oum
1123 3371 1205 3425 cete-

83 3449 127 3511 ris
147 3449 304 3535 Begginis
324 3449 556 3514 Massamutum
577 3471 687 3535 regern
701 3447 894 3512 oia-rochis
916 3454 1071 3532 petentes,
1094 3454 1205 3510 contra

151 3613 180 3681 *)
201 3631 234 3665 ex
254 3614 366 3664 diversis
385 3614 505 3680 partibus
526 3630 585 3665 cum
605 3614 683 3664 turba
702 3613 890 3664 innumerabili
909 3612 943 3662 ad
963 3611 998 3665 B.

86 3775 110 3827 a)
126 3778 180 3819 dum
197 3781 243 3820 Bi.
309 3778 333 3830 b)
350 3781 370 3822 4.
387 3792 443 3820 carr.
461 3779 496 3819 rt.
513 3780 566 3829 B1;
582 3780 658 3818 cesam
674 3779 717 3820 02.
778 3776 799 3830 c)
816 3777 926 3828 Apuliam
943 3779 982 3820 02.
1051 3775 1073 3828 d)
1091 3777 1204 3818 militibus

87 3836 182 3879 intravit
198 3839 241 3879 01.
303 3839 325 3890 e)
342 3843 418 3879 castra
433 3840 479 3880 Ri.
541 3838 654 3890 neotum
670 3838 718 3880 Bi.
780 3835 804 3888 g)
820 3838 863 3878 dea.
879 3839 906 3878 B.
965 3836 990 3889 h)
1007 3837 1109 3888 Myrroth
1127 3836 1169 3876 01.

92 4002 118 4068 1)
136 4007 225 4059 Hodie
253 3989 364 4073 Times,
389 4008 459 4062 inter
485 4007 664 4060 Oarcasaoane
691 4016 714 4059 et
734 4007 879 4059 Narbonae
899 4007 935 4058 ad
959 4005 1093 4058 meridiem
1116 4005 1205 4060 sitam.

1 4099 3 4122 r
90 4076 119 4141 2)
129 4079 188 4130 Iam
209 4098 234 4132 a.
256 4081 334 4132 1208.
357 4081 554 4135 carcassonam
581 4089 673 4148 coptus
699 4089 722 4132 ct
740 4089 859 4132 mortuas
880 4087 944 4132 erat.
995 4080 1072 4132 Haec
1091 4088 1115 4131 et
1134 4096 1203 4146 qaae

1 4213 2 4216 Ἴ
89 4161 234 4216 sequantur
251 4155 339 4205 minas
357 4165 424 4209 recte
444 4155 555 4216 tradita,
572 4172 614 4206 res
635 4173 659 4206 a.
681 4155 760 4206 lato.
775 4159 798 4205 et
814 4154 892 4205 1211.
913 4155 1038 4220 consutae
1058 4162 1127 4205 sant.
1147 4152 1205 4205 PL,

92 4221 120 4289 3)
138 4225 179 4279 De
203 4245 262 4296 repe
288 4228 459 4282 Mahammed
483 4246 566 4282 sermo
594 4237 638 4290 est,
660 4228 706 4294 qai
726 4245 750 4278 a.
775 4229 855 4279 1211.
884 4228 1048 4293 Hispaniam
1077 4227 1205 4288 intravit,-

1 4297 2 4316 ¹
93 4298 125 4360 οἱ.
139 4316 220 4366 sapra
228 4319 256 4367 p.
268 4301 329 4352 188.
359 4303 509 4355 Massamut
518 4318 612 4354 nomem
626 4318 680 4353 ease
697 4300 781 4368 peratis
791 4300 957 4363 Barbaricas,
971 4298 1072 4352 monuit
1082 4300 1205 4352 Plataer.
