2944 5002
303 398 355 449 332
430 398 580 450 OLIVERI
598 397 756 449 RELATIO
776 398 826 447 DE
846 397 1095 450 EXPEDITIONE
1115 400 1329 450 DAMIATINA.

224 590 291 631 rats,
303 572 501 624 descenderunt
511 572 545 623 ad
556 570 730 638 Templarios.
767 571 820 622 Ubi
841 586 900 621 cum
915 571 1013 624 diutius
1031 580 1201 639 pugnaretur,
1221 574 1334 624 tandem
1348 576 1421 626 navis

302 647 446 712 perforata,
465 647 522 698 sive
542 647 576 695 ab
596 645 717 696 hostibus
737 645 793 694 sive
813 661 830 694 a
843 647 939 696 nostris
958 648 1088 698 incertum
1106 648 1245 710 habemus,
1261 647 1423 715 profundum

302 721 391 788 petiit,
422 720 596 785 submergens
620 720 751 785 Egyptios
781 734 840 768 cum
870 718 1035 784 christianis,
1061 721 1130 772 adeo
1154 727 1184 771 ut
1208 723 1255 772 vix
1283 723 1423 772 summitas

303 793 367 844 mali
386 809 467 859 super
486 809 583 859 aquam
603 795 773 858 appareret&
811 793 847 842 Et
865 793 936 842 sicut
949 794 1062 845 Samson
1080 794 1171 860 plures
1190 797 1287 846 stravit
1305 796 1423 846 moriens

304 883 383 933 quam
403 869 507 929 vivens,
532 869 572 917 sic
592 867 672 916 etiam
697 867 741 915 isti
756 880 819 914 vere
845 871 975 930 martyres
1000 867 1090 934 plures
1114 883 1204 918 secum
1229 873 1375 919 traxerrmt
1399 870 1425 918 ia

303 956 372 1006 aque
401 942 567 1004 voraginem,
599 954 678 1004 quam
710 937 809 1002 gladiis
843 939 994 990 interficere
1025 942 1182 1007 potuissent.
1221 942 1303 992 Cives
1335 947 1424 992 autem

303 1015 428 1064 Damiate
450 1019 584 1064 cruentam
605 1013 743 1062 victoriam
770 1027 845 1062 suam
864 1013 919 1062 fere
941 1015 957 1063 '1
976 1013 1135 1080 planxerunt
1154 1010 1279 1066 diebusb.
1317 1015 1425 1066 Exinde

301 1094 409 1154 pontem
436 1092 600 1153 reparantes,
632 1092 782 1152 aperturam
807 1085 878 1136 adeo
908 1086 1073 1153 reliquerunt
1101 1095 1252 1153 angustam,
1282 1094 1313 1139 ut
1343 1103 1425 1138 naves

302 1168 409 1212 nostrae
427 1162 485 1210 sine
505 1159 625 1226 periculo
644 1160 757 1210 transire
776 1175 829 1208 non
842 1166 961 1226 possent.
997 1162 1157 1212 Theutonici
1169 1176 1233 1212 vero
1248 1167 1277 1212 et
1289 1163 1425 1213 Fresones

307 1235 366 1285 zelo
386 1236 472 1284 iustae
495 1234 688 1298 indignationis
714 1233 841 1295 accincti,
867 1249 926 1284 cum
947 1235 1060 1284 minori⁰
1079 1237 1149 1298 navi,
1175 1237 1250 1286 cuius
1276 1237 1427 1286 ministerio

302 1309 381 1359 turris
409 1307 460 1358 fuit
491 1314 578 1374 capta,
610 1323 690 1372 quam
717 1305 816 1356 Gallici
842 1307 969 1358 Sanctam
993 1309 1106 1358 Matrem
1135 1309 1284 1375 appellant,
1311 1314 1426 1374 pontem

302 1381 415 1431 viriliter
438 1383 607 1444 invaserunt,
631 1379 759 1430 auxilium
785 1396 838 1430 non
857 1381 985 1433 babentes
1011 1384 1063 1432 nisi
1086 1381 1120 1431 de
1146 1383 1214 1433 celo.
1251 1375 1425 1433 Pauciores‘l

303 1460 392 1504 autem
410 1454 461 1504 viri
480 1470 559 1520 quam
579 1453 674 1503 decem
694 1453 727 1502 ds
747 1459 828 1517 gente
847 1454 970 1521 predicta
990 1461 1083 1506 contra
1109 1472 1214 1506 omnem
1233 1456 1424 1506 fortitudinem

302 1527 510 1593 Babyloniorum
530 1534 637 1594 pontem
658 1527 843 1588 ascendentes,
863 1532 1004 1594 spectante
1023 1529 1192 1579 multitudine
1216 1529 1425 1580 christianorum

303 1609 330 1652 et
349 1601 419 1651 hanc
439 1600 582 1652 audaciam
600 1601 742 1668 plurimum
769 1600 922 1669 extollente,
948 1603 1086 1667 fregerunt
1112 1604 1226 1653 eundem
1247 1608 1275 1652 et
1300 1603 1344 1652 sio
1366 1619 1424 1652 cum

303 1680 416 1741 quatuor
442 1675 564 1738 navibus,
596 1691 676 1741 super
703 1690 769 1739 quas
799 1681 857 1726 erat
880 1692 946 1742 pons
978 1676 1112 1740 fundatus,
1144 1677 1246 1726 reversi
1272 1683 1338 1727 sunt
1366 1691 1424 1726 cunr

302 1749 445 1814 triumpho,
471 1747 584 1798 liberam
603 1750 676 1798 viam
696 1755 723 1798 et
741 1753 861 1814 apertam
881 1765 984 1799 sursum
1003 1748 1201 1800 velificantibus
1225 1748 1422 1816 relinquentes.

377 1823 402 1871 9.
421 1822 501 1872 Hiise
519 1823 558 1872 ita
576 1822 823 1886 gestis,Sarraceni
842 1822 988 1888 periculum
1008 1823 1081 1888 quod
1100 1825 1138 1874 eis
1157 1824 1317 1874 imminebat
1338 1829 1423 1874 atten-

303 1894 406 1958 dentes,
431 1898 516 1961 ripam
536 1897 686 1961 oppositam
706 1895 783 1946 nobis
802 1897 909 1947 fossatis
936 1902 963 1946 et
987 1896 1115 1962 argillosa
1140 1899 1252 1947 materia
1280 1913 1344 1948 cum
1364 1911 1423 1963 pro·

302 1968 462 2035 pugnaculis
487 1969 584 2033 ligneis
614 1968 677 2019 altis
702 1970 867 2030 munierunt,
898 1969 1037 2020 machinas
1069 1977 1096 2019 et
1120 1965 1272 2036 petrariasf
1299 1971 1422 2021 locantes

301 2042 411 2104 ibidem,
428 2043 505 2092 uobis
518 2059 592 2108 spem
608 2043 782 2092 auferentes&
793 2057 841 2108 per
851 2043 938 2093 locum
949 2043 1024 2093 illum
1034 2044 1199 2094 transeundi.
1218 2044 1243 2094 A
1254 2043 1342 2094 casali
1351 2059 1423 2102 vero,

303 2115 377 2181 quod
393 2132 442 2182 per
461 2115 564 2165 miliare
583 2115 639 2165 fere
660 2115 743 2165 distat
763 2131 779 2164 a
799 2117 918 2180 civitate,
938 2117 984 2166 ubi
1003 2117 1054 2166 hec
1073 2133 1144 2168 nova
1163 2119 1275 2168 munitio
1295 2118 1423 2168 termina·

302 2191 389 2252 batur,
411 2206 459 2256 per
477 2195 656 2240 transversum
676 2190 791 2240 fluminis
810 2193 918 2242 navium
938 2191 1112 2242 inmersiones
1127 2191 1251 2240 fecerunt
1270 2206 1332 2239 cum
1353 2189 1422 2256 palia

301 2261 390 2313 infixis
419 2264 526 2328 gurgiti.
577 2262 791 2313 Nichilhominus
822 2263 969 2330 apostolice
998 2264 1070 2314 sedis
1099 2263 1222 2329 legatus,
1253 2263 1421 2314 desiderium

303 2337 400 2386 bonum
420 2337 523 2387 habens
543 2337 687 2387 obsidendi
706 2338 851 2399 civitatem,
870 2353 953 2388 naves
973 2339 1095 2402 superius
1109 2344 1287 2402 congregatas
1307 2337 1423 2402 urgebat

303 2411 338 2460 ad
358 2413 507 2461 transitum.
544 2409 623 2460 Unde
643 2426 779 2475 coggones
799 2411 1007 2478 propugnaculis
1027 2420 1054 2461 et
1073 2411 1230 2472 castellulis,
1248 2413 1314 2461 viris
1337 2412 1421 2462 eciam

303 2483 411 2534 armatis
431 2485 533 2543 muniti,
558 2499 618 2534 cum
637 2483 752 2549 galeidis
773 2490 800 2534 et
819 2485 879 2535 aliis
898 2485 1010 2535 navibus
1030 2485 1203 2550 sequentibus
1224 2483 1332 2536 Christo
1355 2484 1421 2534 duce

304 2557 439 2623 predictas
458 2558 634 2607 inmersiones
654 2563 803 2608 evaserunt.
840 2559 940 2608 Hostes
964 2565 1052 2609 autem
1078 2558 1244 2610 dissimulato
1268 2565 1345 2608 metu
1369 2563 1420 2607 tres

304 2630 411 2681 ordines
437 2636 597 2680 armatorum
620 2632 728 2681 stationi
754 2633 862 2682 navium
888 2638 1038 2682 nostrarum
1064 2637 1311 2698 contraposuerunt‚
1342 2646 1420 2681 unam

303 2703 424 2769 peditum
452 2720 531 2770 super
550 2705 634 2769 ripam
655 2721 714 2754 cam
735 2704 829 2770 clipeis
857 2721 923 2769 quos
948 2700 1097 2770 thargyash
1122 2704 1260 2792 appellant
1283 2705 1421 2754 lineariter

304 2776 462 2837 ordinatam,
482 2777 627 2828 secundam
647 2783 709 2844 post
698 2778 828 2829 tdorsum
843 2778 950 2829 illorum
971 2779 1087 2830 similem
1106 2780 1198 2844 priori,
1217 2779 1326 2828 tertiam
1348 2779 1419 2843 equi-

228 2901 292 2942 1219
302 2855 358 2900 tum
377 2849 485 2918 longam
503 2857 529 2900 et
547 2851 703 2916 terribilem,
722 2853 820 2903 ictibus
838 2850 958 2918 lapidum
973 2860 1000 2903 et
1013 2852 1124 2902 telorum
1137 2852 1280 2918 plurimum
1293 2850 1419 2901 vexando

196 2959 259 3000 st„
270 2960 292 3000 ὁ
287 2925 445 2974 stationem
464 2925 676 2975 christianorum.
716 2927 786 2976 Sane
806 2934 886 2975 nocte
906 2925 1110 2991 sollempnitatis
1132 2931 1225 2976 sancte
1238 2925 1349 2989 Agathe
1368 2925 1419 2974 vir

304 2997 383 3061 ginis,
403 3013 462 3048 cum
484 2992 664 3048 coadunatus¹
685 3005 755 3050 esset
774 2998 887 3065 populus
907 2998 1034 3062 fidelium,
1061 3000 1107 3064 qui
1126 3001 1248 3064 sequenti
1269 2999 1313 3048 die
1335 3004 1419 3048 trans

303 3071 400 3120 siturus
414 3076 480 3132 erat,
500 3070 589 3138 pluvie
604 3079 630 3122 et
642 3077 706 3122 vent
707 3091 716 3121 1
695 3073 840 3122 tmultum
854 3071 968 3123 difficolt
958 3074 1019 3123 tatis
1037 3079 1064 3122 et
1080 3071 1239 3122 discriminis
1255 3071 1420 3121 addiderunt

301 3145 406 3196 nostris.
446 3144 501 3196 Sed
521 3144 608 3195 fidelis
619 3147 705 3206 Deus,
725 3147 771 3212 qui
790 3161 842 3197 non
861 3147 961 3211 patitur
978 3163 1040 3196 suos
1059 3149 1183 3212 temptari
1202 3161 1283 3211 super
1301 3145 1332 3194 id
1350 3145 1419 3210 qaod

302 3225 421 3283 possunt,
439 3220 587 3284 respiciens
600 3219 634 3268 ad
649 3227 737 3270 castra
750 3235 884 3270 servorum
897 3236 1013 3282 snomm,
1033 3220 1104 3285 quod
1118 3218 1264 3288 secundum
1278 3219 1419 3269 inferiores

304 3306 398 3342 causas
418 3290 528 3342 difficile
547 3292 635 3342 fuerat
652 3292 696 3342 vel
718 3291 884 3359 inpossibile,
911 3295 1041 3344 convertit
1066 3295 1094 3342 in
1121 3292 1280 3342 facilitatem
1307 3297 1335 3341 et
1355 3307 1419 3356 gau-

303 3363 385 3428 dium,
411 3381 458 3415 sue
477 3366 583 3415 vinctis
601 3366 731 3417 innovans
751 3366 888 3417 miracula.
926 3368 991 3418 Post
1010 3366 1125 3416 mediam
1150 3365 1284 3430 siquidem
1310 3371 1418 3414 noctem

302 3442 404 3488 tantum
424 3453 549 3504 pavorem
569 3439 680 3490 soldano
694 3440 832 3490 Babilonis
848 3449 875 3490 et
887 3435 1024 3507 satraptsk
1044 3441 1100 3490 eius
1118 3440 1239 3500 incussit,
1257 3444 1297 3499 ut,
1316 3438 1418 3488 relictis

303 3512 406 3571 castris,
426 3513 610 3575 ignorantibus
631 3515 717 3562 eciam
736 3513 870 3578 Egyptiis,
900 3529 966 3578 quos
986 3513 1021 3564 ad
1040 3512 1217 3564 resistendum
1237 3511 1418 3572 ordinaverat,

301 3585 329 3633 in
358 3583 416 3634 sola
441 3585 506 3650 fuga
534 3602 608 3652 spem
637 3592 757 3653 poneret.
800 3586 916 3648 Quidam
947 3592 1079 3653 apostata,
1111 3587 1156 3652 qui
1184 3584 1267 3636 multo
1297 3591 1418 3652 tempore

302 3657 504 3708 christianorum
528 3658 618 3724 legem
650 3665 830 3725 transgressus
857 3675 916 3710 cum
949 3659 1061 3711 soldano
1087 3661 1256 3720 militaverat,
1283 3665 1361 3710 stans
1392 3659 1418 3707 iu

300 3731 360 3796 ripa
379 3730 484 3782 Gallice
505 3730 651 3784 clamabat:
673 3734 771 3795 ‘Quare
790 3735 947 3784 moramini?
976 3733 1047 3795 Quid
1067 3728 1244 3799 trepidatis?l
1268 3731 1347 3782 Ecce
1367 3731 1417 3782 sol·

302 3803 387 3854 danus
407 3805 489 3858 abiit'.
527 3807 562 3855 Et
575 3807 626 3856 hec
641 3809 742 3868 dicens,
761 3823 790 3856 ss
812 3809 839 3856 in
853 3807 978 3857 navicula
992 3807 1192 3857 christianorum
1206 3807 1291 3871 recipi
1305 3806 1417 3871 rogavit,

301 3879 375 3927 utin
394 3883 527 3945 potestate
547 3895 636 3930 eorum
654 3881 756 3946 positus
775 3879 855 3930 iidem
869 3880 948 3930 dictis
961 3881 1071 3930 iaceret.
1110 3881 1217 3930 Summo
1235 3880 1328 3944 itaque
1350 3878 1415 3929 ‹iilu-

302 3949 362 4002 culo
392 3968 451 4002 cum
477 3953 631 4003 inchoatum
661 3960 731 4004 esset
755 3953 866 4004 offitium
893 3955 973 4004 misse
997 3970 1045 4020 per
1073 3955 1188 4004 oratoria
1212 3953 1416 4003 christianorum

301 4111 323 4165 a)
338 4115 377 4154 vix
398 4125 419 4154 a.
435 4116 461 4156 L.
522 4116 546 4168 b)
562 4118 593 4156 r'tu
608 4119 669 4167 Eec.‚·
692 4119 712 4159 d.
734 4120 766 4168 pl.
784 4118 824 4167 G.,·
847 4119 950 4167 quinque
972 4118 1051 4157 diebus
1067 4117 1110 4166 L.,·
1131 4118 1186 4156 deest
1202 4129 1220 4160 e.
1280 4116 1303 4168 o)
1319 4118 1414 4156 minima

301 4175 434 4222 navigatis
455 4181 587 4226 noncupata
607 4183 701 4226 pontem
717 4179 742 4218 L.
804 4177 828 4228 d)
844 4181 867 4216 et
882 4178 927 4217 virl
947 4188 994 4216 non
1017 4177 1090 4225 pluris
1111 4187 1180 4225 quam
1202 4177 1281 4216 decem
1303 4188 1355 4216 oum
1372 4174 1415 4215 Dei

301 4232 415 4271 adiutorio
431 4233 455 4271 L.
519 4233 541 4286 e)
557 4237 628 4276 littera
643 4237 665 4276 Η
680 4237 747 4276 rubro
762 4237 874 4276 scribendo
890 4237 945 4274 deest
960 4247 978 4276 c.
1045 4234 1063 4286 f)
1080 4237 1178 4284 pirarius
1193 4247 1212 4277 c.
1286 4233 1310 4285 g)
1325 4236 1415 4275 aniene

300 4290 469 4390 getpttebizntblr.
530 4292 553 4345 b)
568 4297 668 4336 torchias
684 4297 709 4336 L.
774 4295 791 4346 i)
809 4296 922 4338 ceaddan.
937 4307 956 4336 e.
1016 4291 1040 4346 k)
1058 4295 1156 4334 catervis
1171 4295 1196 4335 L.
1257 4293 1275 4346 1)
1291 4294 1352 4342 Quid
1368 4304 1414 4334 ssu·

300 4361 320 4390 rr
341 4361 380 4389 so
411 4380 416 4391 .
453 4381 458 4392 .
