2924 5006
266 395 319 446 224
348 393 535 446 CHRONICA
548 393 661 445 Rudis
675 391 929 445 communale.
950 390 1053 442 CONT.
1064 389 1118 442 111.
1138 389 1170 439 A.
1184 389 1263 441 1206.
1276 389 1355 438 120⁷.

650 564 819 616 Rcccnsc'o
838 563 864 614 I.
883 571 913 615 ct
932 562 974 616 ΙΙ.

266 653 378 718 dantes
406 650 517 737 fugere
545 661 707 736 ceperunt.
751 649 842 730 Quos
868 671 948 714 mox
974 649 1150 714 adversarii
1179 649 1391 736 insequentes

266 748 298 802 et
327 737 435 801 omnia
462 757 544 821 qnae
567 756 676 799 secum
698 733 877 799 detulerant
898 732 1121 819 depredantes,
1152 731 1262 820 plures
1290 734 1392 798 etiam

265 819 312 885 ibi
333 819 451 885 milites
473 829 638 906 ceperunt.
681 819 753 882 Rex
779 840 856 883 vero
890 839 964 882 cum
992 817 1144 904 episcopo
1172 827 1313 882 castrum
1342 819 1391 880 in-

266 927 405 1004 gressus,
439 904 496 968 sed
526 904 633 968 statim
665 901 706 967 ab
738 902 878 966 inimicis
908 901 1052 1000 undique
1079 900 1225 983 vallatus,
1260 901 1390 966 occulte

266 989 341 1054 inde
371 987 540 1074 egrediens
567 1008 641 1050 cum
663 986 767 1052 tribus
795 986 899 1068 sociis,
927 995 1044 1068 evas1t3
1077 986 1249 1071 episcopus
1279 996 1392 1050 autem

266 1073 388 1140 ibidem
410 1073 537 1158 capitur
562 1082 594 1136 et
615 1070 721 1158 Philip
748 1093 766 1134 ο
788 1072 858 1218 req}
880 1070 1022 1151 offertur,
1051 1092 1146 1155 quem
1168 1070 1304 1134 manicis
1328 1070 1392 1136 fer-

266 1158 330 1224 reis
353 1159 560 1222 constrictum
583 1177 692 1219 secum
733 1156 785 1220 uci
800 1157 833 1219 iu
857 1163 897 1220 et.
940 1153 1035 1219 Multi
1056 1155 1152 1218 etiam
1174 1153 1241 1218 ibia
1264 1153 1393 1220 devita

267 1241 457 1323 diffidentes,
489 1238 623 1326 paludes
645 1249 677 1304 et
697 1261 821 1325 aquosa
841 1238 912 1303 loca
933 1238 976 1302 ad
998 1236 1204 1302 occultandos
1226 1260 1260 1303 se
1283 1239 1318 1302 in
1359 1262 1394 1304 e-

268 1324 415 1407 diuntur3
443 1334 549 1388 cetera
570 1322 742 1388 multitudo
764 1325 863 1388 armis
885 1321 1013 1408 spoliati
1042 1333 1075 1388 et
1101 1323 1243 1387 vestibus
1273 1345 1319 1386 nu
1344 1325 1394 1389 ati

267 1411 404 1494 turpiter
424 1417 636 1476 revertuntur.
680 1409 759 1472 Post
779 1407 839 1473 hec
860 1407 956 1471 ambo
978 1429 1081 1492 reges,
1104 1407 1265 1471 mediante
1284 1407 1394 1472 Hein-

267 1494 334 1557 rico
356 1492 396 1558 de
417 1491 595 1574 Kalinthin,
623 1491 780 1556 familiare
807 1490 1001 1577 colloquium
1029 1494 1121 1556 iuxta
1142 1489 1310 1555 Coloniam
1334 1493 1394 1556 ha-

268 1577 422 1658 buerunt3
462 1576 518 1640 sed
569 1575 626 1640 uid
653 1574 747 1640 simul
775 1574 966 1641 contulerint
992 1574 1043 1640 vel
1072 1574 1231 1639 consiliati
1258 1575 1394 1658 fuerint,

266 1683 332 1726 non
355 1659 504 1726 omnibus
524 1598 579 1725 illo
606 1661 806 1746 intempore
827 1661 975 1725 innotuit.
1018 1657 1188 1745 Philippus
1209 1660 1308 1744 igitur
1330 1682 1395 1725 rex

234 1755 237 1760 '
267 1753 429 1811 revertens
452 1745 614 1831 quendam
628 1754 769 1809 montem
784 1746 913 1809 nomine
930 1743 1140 1808 &immicus-¹
1163 1745 1256 1808 iuxta
1269 1743 1319 1808 Re
1344 1747 1395 1809 io-

267 1852 400 1915 magum
416 1840 554 1914 occupat
575 1839 608 1894 et
629 1827 671 1892 ad
693 1829 920 1893 detrimentum
940 1829 1039 1893 totius
1080 1827 1242 1892 rovinciae
1264 1827 1310 1892 ibi
1336 1852 1394 1893 em

269 1923 431 1979 castrum⁶
446 1913 591 1979 collocat.
635 1910 844 1977 Colonienses
860 1934 936 1978 vero
952 1849 1191 1976 considdrantes
1206 1910 1269 1976 sibi
1283 1922 1394 1978 totum

268 1999 440 2084 imperium
461 1997 624 2062 adversari
639 2006 671 2061 et
685 1995 806 2082 ubique
828 2018 902 2061 suos
925 2006 1058 2061 conatus
1076 1995 1231 2078 frustrari,
1253 1996 1395 2061 consilio

270 2093 302 2147 et
329 2081 450 2146 auxilio
480 2082 572 2146 ducis
598 2079 793 2145 Brabantiae
825 2092 857 2145 et
884 2090 1062 2145 ceterorum
1089 2079 1245 2145 nobilium
1272 2090 1396 2165 terrae,

269 2164 455 2252 Philippum
483 2188 591 2251 rogem
613 2163 796 2230 Bobardiae
823 2164 970 2230 adierrmt
999 2174 1031 2229 et
1051 2163 1171 2229 ibidem
1194 2165 1224 2228 ei
1244 2167 1396 2230 reconci-

268 2249 337 2314 liati
357 2250 494 2334 gratiam
517 2251 584 2313 eius
606 2259 800 2314 meruerunt.
843 2248 908 2329 Qui
931 2250 1026 2313 etiam
1047 2256 1170 2348 postea,
1193 2249 1292 2312 misso
1316 2249 1395 2336 Spi-

268 2337 354 2399 rensi
369 2335 540 2420 episcopo²
556 2332 733 2414 Coloniam,
748 2331 911 2399 fidelitatis
927 2331 968 2397 ab
984 2333 1029 2396 eis
1044 2342 1259 2397 1uramentum
1275 2335 1330 2398 exi
1355 2335 1392 2399 it.

352 2419 415 2483 Per
425 2417 510 2484 idern
523 2427 649 2503 tempus
661 2415 738 2482 Otto
750 2439 810 2481 rex
821 2416 861 2482 de
873 2416 1008 2483 Colonia
1020 2418 1141 2498 exiens,
1150 2416 1343 2482 Bruneswic
1375 2420 1393 2460 ‘¹

268 2505 368 2584 venit,
389 2501 499 2650 ibquue
521 2502 617 2565 rebus
640 2502 706 2565 suis
729 2502 894 2584 ordinatis,
916 2523 975 2586 per
989 2523 1077 2564 mare
1092 2501 1224 2586 navigio
1234 2500 1393 2586 Angliam

269 2585 407 2652 intravit.
471 2587 503 2649 bi
518 2606 627 2670 aroge
641 2583 789 2670 Angliac,
811 2584 971 2650 avunculo
987 2583 1111 2649 scilicet
1125 2606 1193 2667 suo,
1216 2596 1249 2649 et
1264 2588 1392 2651 cunctis

270 2671 339 2734 eius
360 2669 536 2733 baronibus
559 2690 632 2732 cum
654 2689 773 2755 magno
795 2669 914 2735 honore
937 2669 1109 2754 suscipitur
1131 2678 1163 2733 et
1184 2691 1242 2754 per
1265 2668 1394 2756 aliquot

268 2764 395 2839 tempus
410 2752 578 2834 detinetur,
600 2762 632 2817 et
645 2763 757 2838 postea
771 2754 923 2818 dimissus
937 2755 979 2818 ab
994 2752 1108 2818 eodem
1123 2761 1257 2838 accepta
1270 2777 1394 2841 magna

269 2838 418 2925 pecunia,
440 2838 618 2902 revertitur.

154 2903 259 3005 ,ῶῇῨξζζ
354 2920 494 3006 Eclipsis
509 2919 584 2986 solis
599 2920 686 2984 facta
706 2923 796 2986 est‘l.
811 2919 884 2984 Kal.
899 2920 1013 2985 Marcii
1035 2921 1114 2985 hora
1135 2919 1198 2985 diei
1222 2922 1271 2986 10.
1305 2921 1392 2986 Nam

268 3005 398 3092 plurimi
420 3006 593 3070 humanum
617 3005 723 3090 capud
744 3027 779 3070 se
800 3006 834 3069 in
856 3003 921 3070 sole
943 3004 1062 3068 vidisse
1083 3005 1189 3069 testati
1211 3015 1314 3070 sunta

585 3089 661 3178 [10].
697 3090 792 3154 Anno
815 3088 967 3153 Dominif
988 3088 1079 3153 1207.

354 3174 522 3260 Philippus
544 3184 624 3239 rexss
651 3173 828 3238 Sinceche¹1
862 3171 1056 3259 colloquium
1086 3193 1159 3237 cum
1216 3171 1390 3238 uibusdam

269 3259 469 3406 principibus
492 3269 524 3324 et
550 3256 758 3343 primoribusi
780 3266 885 3322 terrae
906 3255 992 3320 illius
1014 3254 1136 3320 habuit.
1234 3256 1280 3322 ia
1295 3257 1391 3323 Colo-

159 3363 214 3411 Arr·
224 3361 259 3402 ¹1.
269 3344 372 3408 niensi
396 3366 435 3407 us
449 3343 601 3407 invitatus
623 3341 657 3404 in
672 3341 784 3426 vigilia
797 3340 956 3426 paschae³
972 3339 1141 3406 Coloniam
1154 3341 1252 3423 venit,
1269 3351 1301 3406 et
1316 3363 1391 3406 cum

271 3429 412 3490 maximo
434 3425 553 3490 honore
575 3435 607 3490 et
625 3425 734 3489 favore
756 3435 822 3488 tam
843 3447 863 3488 a
877 3423 963 3488 clero
1006 3445 1082 3486 uam
1097 3445 1117 3488 a
1132 3434 1246 3489 cuncto
1268 3425 1390 3512 populo

272 3511 456 3595 suscipitur.
500 3509 565 3590 Qui
587 3510 683 3573 etiam
705 3509 751 3573 ibi
772 3530 830 3593 per
851 3509 872 3572 9
894 3508 963 3574 dies
985 3447 1179 3591 demoratus,
1211 3530 1322 3575 omnes
1345 3511 1392 3576 in-

271 3595 395 3658 iustasl
417 3594 602 3657 exactiones
624 3591 829 3677 vectigalium
860 3603 891 3656 et
919 3593 1052 3656 iniustas
1074 3601 1219 3658 monetas
1240 3592 1391 3659 abiurare

270 3680 316 3744 et¹
373 3699 465 3742 acem
496 3675 622 3741 firmam
652 3675 794 3742 stabilire
823 3686 856 3741 et
880 3676 986 3742 iurare
1035 3697 1108 3742 rece
1133 3678 1167 3748 it.

385 3759 479 3826 odem
490 3783 573 3825 anno
585 3760 649 3825 duo
661 3759 849 3842 cardinales,
861 3759 958 3845 Hugo
970 3698 1092 3826 scilicet
1100 3699 1259 3826 (latiensis
1268 3763 1392 3848 episco-

272 3942 295 3993 ι)
311 3943 397 3983 ibidem
413 3943 457 3982 01,
548 3939 571 3993 b)
587 3943 690 3982 cocubalo
712 3953 782 3988 eram.
804 3953 864 3986 moa.
878 3953 897 3983 a.
912 3942 961 3982 XV.
978 3944 1024 3982 cino
1046 3944 1093 3983 loco
1113 3954 1190 3983 nomeu
1205 3929 1391 3984 Landzcrdn

271 4002 376 4051 supplevit
396 4001 450 4050 131,
475 4000 589 4052 Gymnlch
615 4003 683 4041 moro
711 4003 782 4041 cotorc
808 4002 833 4041 c'o
861 4002 907 4041 loco
935 4013 1003 4042 vocuo
1025 4003 1097 4052 suppl.
1124 4003 1181 4052 ΒΩ)
1205 4001 1325 4053 Gymrnith
1348 4005 1388 4044 01.

272 4059 293 4110 c)
311 4065 410 4102 castrum
425 4059 601 4101 Lantakron
617 4060 721 4100 cocubalo
736 4071 799 4100 craso
814 4072 882 4100 monn
896 4072 914 4101 s.
930 4060 978 4104 XV.
994 4062 1097 4111 scriptam
1112 4061 1162 4106 Ba.
1206 4061 1230 4111 d)
1246 4063 1391 4102 Brunesvich

273 4119 347 4160 (11.9.
394 4118 416 4171 o)
433 4132 453 4160 c.
469 4121 494 4159 ln
510 4119 559 4159 sols
576 4129 600 4159 sc
615 4120 700 4159 vidisse
716 4123 830 4160 testantur
845 4119 872 4160 Β.
918 4117 1070 4169 odominicc
1086 4121 1187 4160 lucet.
1235 4118 1261 4171 c)
1276 4121 1332 4160 dcccc
1349 4122 1389 4164 01.

272 4174 297 4227 h)
313 4175 427 4226 Sincegsh
444 4180 492 4228 013
509 4177 623 4226 Slnscgsh
640 4179 683 4218 01.
744 4176 762 4228 1)
777 4179 896 4228 primorlls
912 4178 959 4219 Bl.
1021 4175 1047 4229 k)
1060 4179 1159 4219 iniustas
1176 4184 1250 4221 exact.
1268 4181 1353 4230 vcctlg.
1370 4183 1392 4220 ct

272 4236 315 4275 oce.
331 4237 365 4276 08
433 4235 450 4288 l)
468 4242 491 4278 ct
506 4246 589 4287 paoem
605 4237 620 4278 t.
638 4241 666 4277 st.
682 4241 706 4278 st
719 4238 798 4279 iurare
813 4237 857 4278 das.
875 4238 920 4278 01.

276 4385 302 4452 l)
321 4385 410 4438 Hodie
428 4386 599 4440 Londckroo.
675 4385 703 4454 2)
725 4385 856 4440 Oonrado.
930 4383 962 4453 3)
982 4385 1023 4454 ί).
1041 4396 1132 4439 uotam
1150 4403 1236 4453 supra
1250 4403 1281 4452 p.
1295 4388 1357 4439 181.
