2942 4998
271 314 288 364 8
533 309 721 364 CHRONIOA
739 308 853 362 REGIA
872 306 1122 360 COLONIENSIS.

344 488 418 540 Inter
435 486 487 537 hec
505 491 535 536 ut
552 484 588 535 ad
607 484 787 552 paganitatem
808 510 842 520 -
863 510 897 520 -
918 483 992 533 Deus
1012 487 1039 533 et
1058 483 1171 534 christus
1191 484 1256 534 elus.
1295 481 1388 535 Laud.

344 561 378 613 A.
396 561 431 610 D.
450 559 513 610 366.
533 559 638 624 Pagani
657 556 728 624 apud
748 556 903 608 Sebasteam
929 584 964 593 —
991 584 1025 594 -
1050 554 1149 607 bellurn
1169 556 1305 608 Persicum
1326 573 1388 625 pro-
1453 579 1454 594 2

271 635 358 687 iectus
377 633 517 685 occiditur.
554 631 654 684 Elrkeh.
1453 661 1454 670 .

343 707 378 759 A.
404 706 430 760 d.
457 708 476 759 i.
500 706 563 767 366,
589 706 624 757 ab
650 706 684 762 U.
709 720 773 756 vero
798 719 821 755 c.
851 703 929 754 1117.
954 703 1109 755 Iovinianus
1135 731 1165 740 -
1195 730 1226 742 -
1255 704 1298 754 12.
1323 704 1387 756 Kal.

272 781 408 850 Septemb.
443 779 509 832 ibid,

343 855 376 906 A.
397 854 423 904 d.
442 855 461 906 i.
480 853 543 917 367,
567 853 601 903 ab
620 853 654 903 U.
681 854 770 902 autem
789 866 813 902 c.
834 849 914 900 1118.
941 849 1089 916 completis·
1105 851 1138 901 ab
1164 851 1267 916 origine
1293 851 1388 902 munli

272 931 348 980 annis
367 927 448 991 6566,
466 926 671 980 Valentinianus
691 951 724 961 -
748 951 778 961 -
801 923 904 989 Cybela
923 925 1038 975 civitate.
1076 924 1139 977 ibid.

346 1001 413 1052 Cum
425 1006 497 1071 esset
506 1000 627 1054 tribunus
636 999 809 1050 scutariorum
823 1024 855 1034 -
868 998 1076 1064 -Procopium
1091 997 1269 1049 diviserunt*
1295 998 1390 1050 Laud.

344 1075 453 1126 Interea
471 1075 603 1124 Auxentio
618 1073 730 1124 Arriano
751 1099 785 1108 -—
806 1099 840 1110 -
859 1073 887 1121 in
906 1072 1089 1138 episcopatum
1109 1070 1252 1123 ordinatur.
1284 1071 1388 1124 Ehleah.
1438 1128 1444 1138 ,

345 1149 430 1212 Igitur
449 1145 651 1198 Valentinianus
671 1146 791 1197 Saxones
811 1172 845 1182 -
866 1172 899 1182 -—
919 1143 1016 1196 finibus
1035 1147 1174 1211 oppressit
1213 1144 1302 1196 Laud.

345 1220 446 1271 contra
464 1219 564 1270 Alanos
584 1245 618 1255 -
637 1246 673 1256 -
693 1219 772 1270 duros
792 1234 824 1269 ac
843 1218 933 1269 fortes.
970 1218 1071 1270 Ekheh.

344 1292 547 1345 Valentinianus
566 1308 629 1344 vero
651 1319 683 1329 -
705 1319 739 1329 -
762 1292 804 1344 15.
822 1292 883 1342 Kal.
903 1292 972 1342 Dec.
1009 1289 1097 1342 Laud.
1452 1327 1454 1364 1

343 1365 548 1417 Valentinianus
558 1366 643 1433 primo
653 1367 730 1430 regni
740 1367 781 1416 sui
794 1381 863 1416 anno
876 1392 907 1402 -
919 1392 954 1402 —
965 1380 1049 1433 nuper
1057 1367 1143 1418 incisa
1153 1367 1267 1418 moritur.
1283 1366 1388 1418 Eruet.
1452 1415 1454 1444 1

344 1440 430 1505 Igitur
448 1440 549 1493 Valens
570 1467 602 1477 —
623 1467 657 1477 -
677 1455 725 1505 per
743 1438 818 1490 illum
837 1440 968 1504 regnavit.
1006 1437 1070 1492 ibid.
1453 1463 1454 1478 ι

345 1514 493 1579 Hucusque
514 1513 649 1565 eronIcam
668 1512 801 1563 Eusebius
820 1512 988 1564 Iheronimns
1013 1513 1144 1579 perduxit.
1182 1515 1253 1564 Hinc
1271 1513 1390 1581 Prosper
1453 1547 1454 1566 2

273 1585 432 1652 digessit**
470 1585 534 1637 ehicl.
1453 1585 1454 1588 ’

345 1661 377 1711 A.
398 1660 423 1712 d.
443 1661 461 1710 i.
482 1659 544 1725 382,
570 1659 603 1709 ab
630 1660 663 1712 U.
687 1676 750 1711 vero
778 1675 802 1711 c.
823 1660 902 1712 1133.
931 1660 1073 1712 Gratianus
1100 1687 1134 1697 -
1159 1687 1195 1698 -
1218 1661 1389 1712 Pannoniam

271 1735 354 1786 venit.
390 1731 455 1784 ibid.

343 1808 384 1858 Eo
403 1813 523 1874 tempore
541 1806 708 1858 Theodosius
728 1834 762 1844 -
783 1835 817 1844 —
837 1808 864 1857 in
883 1808 995 1874 imperio
1014 1807 1151 1858 restitutus
1168 1812 1215 1858 est.
1252 1806 1343 1858 Laud.

343 1883 376 1932 A.
396 1881 430 1931 D.
451 1881 513 1945 383,
540 1882 586 1947 qni
612 1887 652 1932 est
671 1881 795 1933 Gratiani
818 1881 961 1944 secundus,
986 1880 1158 1947 Theophylns
1179 1909 1211 1918 -
1232 1909 1266 1917 —
1285 1881 1389 1932 Valen·
1452 1913 1454 1956 1

270 1956 399 2005 tiniannm
418 1953 508 2005 Ytalia
527 1953 636 2021 expulit.
673 1953 773 2006 Elelech.

343 2029 376 2079 A.
391 2027 415 2082 d.
429 2030 448 2080 i.
462 2025 524 2092 388,
543 2028 578 2079 U.
594 2043 617 2079 o.
632 2026 711 2080 1138.
733 2027 899 2080 Theodosius
917 2029 1023 2093 genitus
1037 2033 1113 2095 patre
1125 2027 1275 2079 Theodosio
1294 2055 1330 2065 -
1353 2057 1387 2066 —
1452 1973 1454 2088 3

271 2117 414 2168 suspensus
434 2107 483 2152 est.
521 2097 612 2151 Laud.
1115 2137 1119 2148 .

346 2176 404 2237 Quo
425 2176 543 2224 extincto
563 2189 677 2239 moxque
696 2173 819 2240 Eugenio
838 2202 875 2211 —
894 2201 928 2212 —
948 2174 1059 2226 Rufinus
1078 2176 1211 2242 perduxit.
1247 2173 1348 2226 Elelech.

345 2248 377 2299 A.
400 2247 426 2298 d.
445 2249 464 2299 i.
490 2248 552 2309 333,
578 2248 611 2297 U.
637 2252 726 2297 autem
752 2263 775 2297 c.
797 2246 876 2298 1150.
902 2249 1052 2300 Archadius
1079 2254 1106 2300 et
1130 2249 1263 2300 Honorius
1289 2275 1326 2286 -
1351 2277 1391 2287 —

273 2322 407 2372 HonorIus
426 2323 454 2371 in
474 2320 632 2372 Occidente.
667 2319 732 2370 ibid.

346 2396 455 2445 Interea
473 2395 568 2460 ingens
588 2400 657 2444 terre
676 2400 763 2446 motus
777 2421 810 2430 -
825 2394 996 2461 -periculo
1015 2395 1149 2446 liberavit.
1186 2392 1276 2444 Laud.

346 2469 432 2534 Igitur
450 2466 601 2519 Archadius
621 2467 806 2518 orientalis-
820 2496 853 2506 -
869 2467 1125 2536 Constantinopolim
1140 2470 1256 2518 moritur.
1285 2467 1389 2518 Eleleeh.

345 2543 377 2594 A.
400 2542 426 2593 d.
445 2543 464 2590 i.
484 2541 547 2590 412.
571 2542 705 2593 Honorius
729 2548 790 2608 post
815 2548 925 2594 mortem
952 2542 1040 2594 fratris
1067 2557 1126 2593 cum
1146 2541 1305 2605 Theodosio,
1330 2540 1389 2592 filio

273 2617 370 2674 fratris,
389 2616 512 2680 regnavit
531 2616 608 2666 annis
628 2615 671 2664 15.
708 2614 808 2666 Ehlceh.

346 2688 389 2738 Ea
407 2693 565 2754 tempestate
584 2686 708 2739 Alaricus
728 2714 762 2725 -
786 2716 815 2725 -
837 2693 866 2738 ut
885 2687 1061 2740 confirmaret.
1098 2687 1187 2740 Laud.
1453 2711 1454 2722 ¹

347 2763 380 2812 In
398 2761 439 2812 his
460 2777 523 2826 ergo
544 2760 637 2812 diebus
656 2763 823 2828 precipiente
836 2763 955 2813 Honorio
975 2789 1008 2798 —
1030 2788 1062 2800 -
1083 2763 1192 2812 moritur
1212 2777 1281 2812 anno
1301 2763 1389 2829 impe·
1450 2731 1454 2974 1

272 2836 305 2885 rii
323 2837 365 2887 sui
385 2835 429 2887 30.
467 2833 567 2886 Eteri.

346 2908 446 2958 Franci
476 2907 691 2969 aeramendum,
724 2907 808 2959 filium
842 2909 1009 2970 Marcomiri,
1041 2911 1162 2961 crinitum
1192 2909 1332 2974 elegerunt
1358 2911 1390 2959 in

272 2997 373 3048 regem.
413 2979 454 3048 CV.
476 2980 507 3030 θ.
526 2980 625 3032 Fratre.
645 2998 667 3031 c.
687 2981 713 3032 4.

344 3054 443 3107 Paulus
463 3056 573 3107 Orosius
594 3081 625 3091 -
647 3081 681 3091 —
701 3056 833 3120 perduxit.
870 3054 972 3106 Eruet.

342 3131 376 3180 A.
388 3128 415 3179 d.
425 3129 443 3180 i.
453 3128 516 3192 427,
527 3129 560 3180 U.
567 3144 630 3180 vero
642 3145 666 3181 c.
676 3129 754 3180 1178.
773 3128 938 3180 Theodosius
949 3156 984 3166 —-
995 3129 1201 3196 -Romamque
1212 3129 1300 3180 rediit.
1318 3127 1389 3182 ibid.
1453 3135 1454 3140 ’

343 3203 451 3253 Interea
470 3202 675 3254 Valentinianus
697 3230 727 3238 -
750 3229 782 3239 -
804 3204 855 3254 iuri
874 3219 977 3270 parere.
1015 3201 1105 3256 Laud.

342 3277 488 3328 Tricesimo
509 3282 597 3328 antem
617 3292 686 3327 anno
707 3303 738 3313 —
761 3304 795 3313 —
814 3277 990 3344 possederant
1007 3279 1119 3344 recepit.
1157 3274 1257 3328 Elekeh.

342 3351 446 3401 Mortuo
465 3350 652 3401 Pharamundo
667 3378 701 3387 -
715 3350 801 3400 —ad
822 3351 940 3404 Sunnam
959 3351 1067 3402 fluvinm
1085 3355 1168 3402 totam
1188 3356 1284 3402 terram
1305 3365 1400 3416 occu-q

270 3425 345 3489 pavit
365 3429 392 3474 et
411 3424 491 3490 oepit.
531 3423 563 3474 G.
582 3423 682 3474 Fracto.
703 3441 724 3474 c.
745 3425 771 3476 ὅ.

345 3496 376 3546 A.
396 3497 432 3547 D.
451 3497 514 3545 432.
537 3496 680 3548 Cassianus
695 3496 860 3548 collationes
880 3524 913 3533 -
935 3523 968 3533 —
988 3497 1150 3549 Eustochius
1169 3502 1261 3547 sancto
1277 3497 1391 3548 Briccio

273 3571 410 3620 successit.
448 3568 548 3620 Ehlreh.

345 3643 377 3692 A.
404 3643 439 3693 D.
468 3642 530 3692 451.
558 3642 663 3693 Mortuo
693 3642 788 3694 Clodio
816 3643 956 3695 Meroveus
986 3672 1019 3681 -
1049 3670 1083 3681 -
1112 3644 1223 3709 negotia
1250 3645 1389 3694 tractavit.
1453 3651 1454 3676 ¹

273 3713 315 3838 ᾗ
316 3713 425 3839 kaauc.
433 3715 511 3836 1cissti.
548 3714 616 3765 Nam
642 3717 675 3766 ah
695 3717 753 3782 ipso
772 3717 872 3767 Franci
897 3718 1046 3784 Merovingi
1071 3718 1218 3784 nuncupati
1237 3722 1306 3767 sunt.
1346 3713 1387 3782 Cy.

333 3804 418 3854 Μ).
489 3824 495 3838 .

333 3943 361 4011 *)
380 3944 438 3996 Hoc
458 3945 511 3996 loco
530 3942 559 3994 ἐπ
577 3942 696 4012 morqiue
714 3943 836 4010 infcriori
855 3925 911 3998 cod.
930 3947 955 3996 B
976 3948 1000 3998 1.
1015 3964 1081 4014 paq.
1104 3947 1163 3998 108.
1178 3954 1240 4013 post
1263 3945 1386 3996 additum
1453 3951 1454 4028 1

382 4026 433 4069 eat:
459 4020 513 4070 Hic
539 4020 613 4085 origo
632 4020 794 4070 Francorum
820 4036 871 4086 que
894 4021 1001 4087 ponitur
1018 4023 1046 4070 in
1072 4022 1179 4071 cronica
1206 4018 1321 4072 ecclesie
1342 4020 1385 4071 Si·
1453 4093 1454 4102 1

315 4161 362 4232 **)
380 4093 447 4232 33328.
462 4127 526 4216 iil:
541 4129 709 4230 {prefertur
726 4165 844 4234 margine
860 4175 920 4233 post
934 4167 997 4219 odd.
1010 4167 1037 4218 B
1051 4166 1079 4216 1:
1098 4168 1152 4218 Hic
1165 4168 1260 4233 incipit
1273 4167 1383 4218 historia

383 4238 536 4301 Gothorum,
555 4239 721 4291 Amazonum
746 4247 773 4293 et
791 4243 936 4294 Hunorum.
981 4241 1053 4304 Quas
1075 4243 1196 4293 invenies
1220 4242 1249 4290 iu
1275 4242 1387 4291 cronica
1453 4297 1454 4312 .

384 4313 497 4364 ecclesie
518 4313 702 4378 Sybergensis.
