2934 4998
304 389 358 440 2ὗο
415 387 599 441 ennomus
619 387 731 440 undu
751 387 1003 442 COLONIENSIS.
1023 386 1336 440 oonn.111.n.1219.

698 560 865 613 Berensis
886 563 910 612 I.
930 560 1019 614 et11.

241 665 352 724 otaper
371 669 440 722 quae
459 656 640 720 negotiatores
653 655 860 706 sarracenorum
882 660 908 704 et
927 655 1062 721 peregrini
1081 655 1198 721 ipsorum
1217 654 1349 704 Meohsm
1368 657 1420 703 tou·

305 731 398 780 dentes
426 728 471 780 vel
498 729 532 779 ab
555 744 587 779 ea
612 733 776 779 revertentes
802 729 916 780 transire
943 728 1043 791 solent,
1075 731 1122 778 eta
1150 729 1196 794 qui
1221 728 1270 778 hee
1297 731 1419 792 potenter

304 804 433 865 tenuerit,
458 801 604 853 Ierusalem
632 817 692 852 oum
711 801 827 853 voluerit
850 802 968 866 graviter
992 803 1071 851 nimis
1098 817 1158 852 oum
1184 803 1255 866 agris
1283 807 1314 850 et
1340 801 1420 850 vineis

303 884 392 933 ledere
414 884 520 947 poterit.
564 869 604 933 In
624 867 686 932 hoe
701 868 829 932 tandem
846 878 1064 933 convenerunt
1078 867 1197 950 fideles,
1221 877 1258 931 ut
1306 867 1421 930 rimunr

303 955 417 1018 civitas
449 964 703 1038 expugnaretur,
725 951 801 1017 lieet
822 973 902 1038 opus
932 973 1030 1016 eausa
1057 951 1253 1018 liberationis
1277 889 1421 1017 ἕεηοῐειθ

303 1038 421 1102 Terrae
443 1037 538 1102 fuerit
568 1036 764 1119 inohoatum,
786 1046 820 1101 et
851 1038 993 1100 omnium
1022 1036 1322 1121 crucesignatorum
1354 1033 1421 1099 talis

239 1147 293 1194 olea
303 1121 362 1187 fuit
393 1121 557 1187 intentiob.
601 1136 708 1185 Interea
741 1134 867 1185 soldanus
896 1132 1041 1200 magnam⁰
1070 1133 1266 1184 multitudinem
1301 1133 1420 1198 peditum

305 1212 427 1262 olenoulo
456 1229 504 1279 per
534 1211 596 1263 loos
623 1210 753 1278 palustria
781 1214 852 1263 misit
876 1213 911 1261 ad
938 1213 1082 1274 civitatem,
1112 1228 1223 1278 quorum
1250 1211 1368 1262 ducenti
1390 1211 1421 1259 40

206 1299 261 1340 Noe.
272 1298 294 1339 3.
305 1286 455 1336 christianis
475 1286 667 1336 dormientibus
686 1285 793 1336 luerunt
811 1286 925 1350 ingressi
952 1285 1087 1335 dominica
1105 1291 1166 1351 post
1183 1285 1281 1336 festum
1304 1285 1421 1336 omnium

303 1365 468 1421 sanctorum
499 1359 608 1408 taudem
641 1375 689 1424 per
720 1358 863 1410 clamorem
895 1359 1006 1423 vigilum
1039 1359 1123 1409 ooeisi
1156 1365 1218 1409 sunt
1250 1359 1311 1408 vel
1344 1359 1420 1423 eapti.

208 1431 292 1474 Nem·
375 1433 489 1497 Igitur
506 1432 575 1484 Non.
595 1432 753 1483 Novembris
774 1439 854 1498 capta
874 1438 914 1483 est
933 1433 1061 1483 Damista
1080 1433 1183 1498 absque
1204 1431 1350 1483 deditione
1369 1433 1421 1482 sine

303 1504 468 1569 defensione,
493 1507 552 1556 sine
570 1505 690 1556 violenta
710 1505 902 1572 depredatione
922 1522 982 1556 cum
1001 1505 1124 1564 tumultu,
1150 1512 1179 1556 ut
1204 1506 1255 1556 soli
1268 1506 1353 1556 'Filio
1373 1505 1421 1554 Dei

302 1586 449 1636 ascribatur
471 1586 608 1636 evidenter
629 1586 750 1635 victoria.
793 1573 927 1657 Itaque¹
950 1594 1023 1636 oum
1050 1573 1155 1657 primo
1185 1573 1358 1637 civitatem
1380 1572 1421 1633 in·

301 1665 447 1738 trassent,
474 1656 546 1742 plus
575 1678 672 1742 quem
693 1657 755 1720 trie
775 1655 864 1722 milia
885 1665 1082 1722 mortuorum
1105 1658 1300 1721 invenerunt
1331 1657 1367 1719 in
1388 1676 1421 1719 ea

301 1763 391 1805 more
412 1762 527 1805 canum
550 1741 584 1804 in
598 1739 713 1824 plateis
728 1739 904 1826 insepultos
919 1741 1034 1804 iacere.
1062 1739 1189 1827 Reliqui
1204 1762 1321 1806 omnes
1337 1741 1373 1803 in
1386 1761 1420 1803 ea

302 1825 424 1890 debiles
435 1825 571 1890 fuerunt.
587 1824 728 1906 Quidam
741 1824 899 1924 siquidem
911 1825 1075 1890 christiani
1083 1827 1168 1888 cirea
1179 1825 1307 1890 mediae
1319 1823 1419 1888 noetis

301 1908 462 1975 silentium
483 1908 626 1990 oonsilio,
646 1921 683 1974 ut
697 1910 866 1992 eredimus,
889 1909 1101 1996 quorumdam
1124 1909 1163 1974 de
1179 1908 1311 1974 civitate
1328 1910 1418 1972 intro

301 1994 392 2057 missi
406 1993 541 2074 fuerunt,
565 2004 596 2058 et
613 1993 738 2078 legatus
755 1993 946 2057 intromissis
969 1995 1088 2058 nuntiis
1103 2004 1205 2058 turres
1228 2004 1261 2058 et
1273 1993 1418 2058 homines

301 2076 442 2163 perfidae
453 2079 558 2160 gentis
568 2077 826 2164 quamplurimos
833 2078 1014 2163 captivavit.
1029 2076 1094 2140 Alii
1106 2077 1197 2142 multi
1208 2077 1417 2144 ascendentes

300 2170 404 2225 turres
416 2161 572 2243 fortiores,
583 2183 717 2226 aurorae
727 2161 832 2227 lucem
843 2162 878 2224 in
889 2163 935 2225 eis
945 2161 1209 2248 prestolabantur.
1231 2161 1417 2309 Exortassue

302 2244 373 2310 luoe
388 2245 552 2309 Nonarum
567 2246 799 2312 Novembrium
819 2268 928 2310 omnes
951 2269 985 2311 se
1008 2247 1152 2332 captivos
1169 2245 1344 2311 Sarraceni
1391 2265 1418 2306 a

302 2331 418 2394 mistae
438 2329 593 2395 dederunt
612 2341 644 2395 et
655 2331 817 2396 civitatem
831 2329 969 2397 totaliter
983 2330 1017 2393 in
1031 2338 1220 2415 potestatem
1235 2330 1417 2395 christiano-

237 2438 293 2481 ouv.
302 2436 383 2495 rum,
397 2415 541 2499 quamvis
555 2415 656 2498 inviti,
672 2415 881 2480 tradiderunt.
902 2429 938 2478 Er
953 2443 1013 2478 oum
1028 2433 1169 2493 caperetur
1183 2428 1276 2478 civitas
1292 2430 1323 2479 in
1339 2426 1415 2478 oeulis

301 2507 374 2570 regis
393 2505 540 2570 Babilonis,
567 2523 640 2557 more
665 2505 743 2558 solito
768 2507 891 2557 nonfuit
911 2523 990 2557 ausus
1012 2506 1113 2557 Christi
1137 2505 1235 2556 milites
1261 2506 1297 2556 ad
1327 2504 1411 2555 deten-

302 2580 404 2630 siouem
422 2586 529 2644 paratos
553 2596 601 2646 per
615 2579 742 2631 fossatum
768 2596 859 2631 eorum
884 2575 1028 2645 aggredid.
1066 2579 1168 2629 Eodem
1194 2581 1274 2630 etiem
1294 2585 1410 2644 ternpore

301 2653 397 2702 fluvius
417 2655 543 2716 exerevit,
561 2655 701 2704 uberrimis
720 2655 797 2719 aquis
815 2654 943 2704 fossatum
962 2652 1085 2723 implens.
1125 2653 1187 2718 Ipse
1205 2670 1270 2703 vero
1290 2653 1412 2704 coutimur

301 2726 408 2791 propria
425 2731 513 2776 eastre
533 2727 678 2778 combussit
697 2734 724 2778 et
742 2728 819 2793 fugit.
858 2727 1020 2777 Invenerunt
1046 2728 1150 2776 etiam
1175 2728 1203 2775 in
1223 2743 1255 2776 ea
1275 2743 1369 2777 aurum
1389 2729 1411 2772 et

301 2803 441 2864 argentum
461 2799 571 2850 multum
592 2801 679 2864 nimis,
705 2816 807 2866 pennos
828 2801 928 2851 sericos
954 2801 1148 2864 negotiatorum
1174 2801 1202 2848 in
1221 2799 1411 2858 habundantia,

302 2877 411 2922 vertere
431 2875 567 2937 preciosas
594 2880 620 2923 et
639 2879 759 2924 ornatum
783 2873 868 2924 seculi
889 2890 947 2924 oum
967 2874 1041 2924 varia
1065 2871 1246 2939 suppellectili
1270 2876 1298 2923 in
1326 2886 1411 2938 super·

301 2944 494 2996 habundantia.
531 2947 599 2996 Nam
613 2952 701 3013 preter
721 2962 775 3006 eos,
796 2949 841 3012 qui
854 2949 909 2997 vivi
929 2947 1113 3013 comprehensi
1132 2949 1238 2997 suntin
1258 2963 1300 3010 ea,
1321 2943 1411 2998 mortui

301 3019 446 3084 promiscui
471 3035 549 3071 sexus
574 3036 591 3069 a
615 3025 734 3086 tempore
761 3020 909 3071 obsidionis
934 3022 963 3070 in
982 3021 1095 3070 circuitu
1120 3026 1307 3085 computantur
1327 3020 1362 3070 ed
1380 3017 1411 3066 30

302 3091 376 3142 milia
396 3098 423 3142 et
442 3093 563 3160 amplius,
584 3109 650 3158 quos
669 3095 727 3144 sine
746 3087 833 3145 ferros
853 3100 880 3144 et
896 3095 960 3159 igne
979 3094 1110 3144 Dominus
1129 3095 1270 3160 percussit.

302 3236 325 3288 a)
350 3241 373 3277 et
388 3239 427 3287 qui
445 3240 467 3280 h.
483 3251 506 3289 p.
524 3242 540 3281 t.
561 3240 688 3280 Ierusalem
704 3240 747 3279 des.
764 3241 806 3280 02.
896 3237 920 3290 b)
936 3236 966 3279 sin
982 3251 1050 3288 maro.
1066 3241 1135 3288 suppl.
1152 3240 1197 3278 Bl.
1289 3237 1310 3290 e)
1334 3245 1411 3286 magua

302 3297 450 3337 multitudine
466 3299 511 3337 Bl.
521 3298 555 3338 02
573 3297 658 3348 (meod.
668 3298 720 3338 Oliv.
734 3300 808 3348 primu
822 3299 912 3350 manu),·
928 3301 1029 3338 maxima
1045 3299 1193 3338 multitudine
1202 3298 1245 3338 01.
1277 3297 1300 3350 d)
1311 3300 1365 3339 deest
1373 3295 1409 3336 Ui.

302 3355 325 3408 e)
341 3361 417 3396 vestes
434 3378 460 3386 -
476 3359 632 3408 suppelleotlll
647 3359 689 3400 dee.
705 3357 749 3400 eet.
809 3354 828 3408 f)
840 3363 891 3408 porr
907 3358 956 3398 add.
973 3359 992 3397 B
1002 3361 1021 3398 1.
1040 3381 1066 3388 -
1082 3362 1105 3398 et
1120 3358 1175 3396 deest
1191 3357 1231 3399 01.
1244 3359 1264 3398 2.

300 3489 331 3552 1)
351 3488 428 3540 Haec
445 3505 529 3554 neque
548 3487 576 3539 ira
595 3489 784 3554 codicemque
804 3489 879 3554 apud
897 3488 1049 3542 Eooardum
1067 3487 1165 3541 inveni.
