2970 4996
289 401 325 451 st
491 401 680 454 ennomus
699 402 813 454 REGIA
834 399 1079 454 COLONIENSIS
1099 399 1132 451 A.
1153 399 1233 451 115⁷.

641 575 810 629 Recensto
830 575 856 627 Ι.
877 575 973 627 cedd.
989 571 1023 627 A.

287 670 356 724 tum
379 682 530 726 coronam
551 661 678 760 imperii
699 661 935 746 suscipientem.
968 660 1047 724 Fuit
1060 668 1092 724 et
1109 657 1196 724 aliud
1212 659 1414 725 incentivum

287 752 319 808 ct
339 743 441 809 fomes
463 744 652 810 discordiae.
693 744 890 844 Imperatore
913 744 999 809 enim
1020 745 1141 808 curiam
1167 742 1305 809 habente
1335 764 1414 809 cum

212 858 276 900 nst.
287 829 481 914 primoribus
503 830 594 914 regni
615 826 704 914 apud
714 828 896 893 Brsuntium
918 829 953 892 in
967 826 1164 911 Burgundio,
1186 827 1346 894 affuenmt
1368 851 1414 894 ex

288 923 379 998 parte
407 934 511 1000 papae
541 914 604 977 duo
634 911 809 978 cardinales
836 912 958 978 litteras
986 910 1155 1011 apostolici
1182 910 1225 976 ad
1253 934 1327 976 eum
1356 912 1415 978 de·

288 997 435 1080 ferentes,
465 998 498 1060 in
521 996 639 1084 quibus
661 997 744 1060 inter
765 996 828 1060 alia
849 995 911 1061 hoc
931 996 1164 1061 continebatur:
1186 995 1411 1078 Beneficinm¹

290 1104 430 1147 coronae
452 1081 510 1146 tibi
525 1081 731 1162 contulimus,
753 1104 854 1166 neque
873 1083 1065 1168 penitencie
1079 1103 1287 1164 moverentur,
1308 1084 1338 1145 si
1353 1105 1412 1146 eac-

291 1165 438 1230 cellentia
461 1175 521 1229 tae
549 1167 700 1230 rracn‘orna
722 1188 743 1228 u
772 1164 866 1228 nohis
889 1165 1045 1248 beneficia
1066 1165 1268 1248 suscepisset.
1311 1164 1412 1229 Hoch

288 1248 422 1313 verbum
444 1271 503 1334 pro
532 1247 625 1314 feodo
654 1249 809 1333 interpres
841 1249 944 1314 cesari
974 1249 1041 1314 inte
1080 1257 1199 1314 retatus
1229 1257 1286 1313 est.
1335 1249 1414 1313 Hoc

289 1332 409 1414 audito,
431 1335 605 1419 imperator
627 1331 762 1396 inirem
783 1332 915 1396 nimiam
941 1271 1136 1410 accenditur,
1166 1341 1215 1396 set
1243 1341 1275 1397 et
1302 1335 1413 1397 cuncti

289 1417 451 1503 principes
480 1426 512 1482 et
538 1417 634 1480 amici
659 1415 861 1502 imperatoris
895 1417 1073 1502 predictum
1106 1413 1242 1481 verbum
1273 1417 1412 1480 nimium

288 1499 488 1582 ventilantes,
509 1502 542 1564 in
563 1508 685 1566 tantam
705 1503 787 1564 iram
808 1511 1007 1582 exarserunt,
1028 1510 1064 1566 ut
1085 1501 1215 1565 eosdem
1232 1499 1414 1565 cardinales

289 1579 447 1648 acerrima
468 1593 569 1650 morte
588 1584 808 1684 peremissent,
830 1585 893 1648 nisi
910 1584 1030 1649 auxilio
1047 1594 1078 1650 et
1093 1583 1193 1649 ductu
1206 1584 1412 1670 imperatoris

289 1666 414 1733 liberati
436 1669 530 1733 citius
552 1678 754 1754 mrgrassent.
787 1669 900 1733 Alter
923 1691 941 1732 0
962 1669 1152 1754 imperator:
1176 1668 1282 1749 ‘Quod
1298 1693 1318 1734 a
1339 1668 1413 1735 solo

289 1752 362 1817 Deo
384 1751 550 1835 habemus,
564 1753 626 1816 hoc
646 1753 711 1837 ipsi
726 1774 785 1839 pro
799 1752 887 1817 feodi
899 1692 1060 1818 beneficio
1076 1753 1286 1839 computant?
1297 1753 1413 1818 ‘Num-

290 1858 386 1922 quam
408 1837 442 1899 in
463 1836 525 1902 hoe
540 1839 773 1901 consentientes
792 1838 921 1919 crimus,
936 1847 985 1902 set
1004 1837 1142 1923 primam
1156 1858 1269 1902 vocem
1283 1835 1411 1902 electio·

289 1921 338 1984 nis
359 1921 467 2004 regiae
489 1920 867 2006 episcopoMogontiensi
887 1922 1157 2006 recognoscimus,
1179 1919 1320 2007 regalem
1335 1944 1411 1986 con-

290 2006 502 2070 secrationem
523 2005 676 2104 episcopo
699 2002 890 2086 Coloniensi,
913 2004 1112 2091 imperialem
1135 2006 1410 2071 consecrationem

289 2088 434 2152 Romano
446 2088 601 2175 pontifici,
614 2109 762 2152 coronam
777 2111 853 2154 vero
863 2101 875 2131 ⁰
886 2089 1014 2175 imperii
1028 2089 1088 2154 soli
1098 2090 1171 2154 Deo
1191 2090 1408 2156 attribuimus.

289 2173 438 2236 Picturae
460 2171 633 2254 deleantur,
656 2172 831 2257 scripturae
852 2174 1062 2272 conigantur‚
1084 2172 1227 2258 alioquin
1252 2174 1334 2239 inter
1355 2197 1409 2242 me

291 2263 323 2320 et
349 2277 423 2319 eum
448 2277 625 2340 numquam
652 2257 711 2320 erit
736 2253 821 2340 pax’.
869 2255 990 2321 Audita
1011 2259 1119 2343 itaque
1141 2257 1286 2322 Romae<l
1307 2259 1355 2323 ira
1377 2269 1412 2326 st

621 2438 792 2492 Recensie
811 2439 853 2490 II.
874 2439 970 2491 cedd,
989 2439 1023 2492 B.
1045 2438 1073 2491 0.

291 2524 355 2588 dici
378 2522 483 2605 debet,
506 2523 717 2591 contumeliae
730 2524 817 2590 aliud
833 2525 986 2611 quiddam
1001 2523 1173 2611 persimile,
1197 2524 1283 2610 quod
1304 2547 1409 2592 novae

291 2608 515 2673 commotionis
547 2618 643 2694 atque
676 2610 882 2675 dissensionis
915 2632 1069 2694 magnum
1101 2609 1309 2673 seminarium
1336 2609 1407 2676 fuit.

288 2693 506 2778 Imperatore⁰
529 2694 646 2777 etenim
667 2716 741 2758 cum
762 2692 957 2779 primoribus
978 2694 1069 2778 regni
1085 2694 1206 2757 curiam
1221 2691 1361 2758 habente
1374 2696 1409 2758 in

287 2776 478 2862 Burgundio
498 2776 585 2862 apud
612 2777 775 2844 civitatem
795 2778 1016 2860 Bisunziumf,
1045 2777 1203 2841 affuerunt
1231 2776 1409 2844 cardinales

289 2862 352 2927 duo
374 2861 494 2926 litteras
523 2860 693 2946 apostolici
718 2861 853 2926 Adriani
881 2861 1068 2944 deferentes,
1094 2861 1151 2924 ins
1181 2861 1298 2947 quibus
1324 2862 1410 2928 inter

288 2943 352 3010 alia
373 2946 432 3012 hec
455 2945 713 3011 continebantur:
743 2946 943 3028 Beneficium
973 2968 1088 3012 corone
1114 2947 1175 3010 tibi
1201 2947 1407 3030 contulimus,

288 3053 391 3116 neque
416 3032 605 3116 penitencia
633 3052 842 3112 moveremur,
870 3033 901 3094 si
928 3031 1117 3097 eccellentiae
1145 3039 1205 3094 tun
1231 3033 1363 3096 meiero
1386 3054 1409 3096 a

288 3117 382 3181 nohis
396 3114 550 3196 beneflcio
565 3117 764 3200 suscepisset.
797 3114 895 3195 Quod
909 3114 1055 3197 verbum,
1070 3113 1191 3179 scilicet
1204 3113 1408 3198 beneficium,

286 3200 335 3264 hii
356 3201 412 3286 qni
435 3199 520 3264 circa
541 3197 767 3296 imperatorem
789 3209 880 3283 erant
900 3198 1054 3264 usualiter
1068 3198 1312 3283 interpretantes
1327 3200 1409 3263 etin

288 3281 512 3350 contumeliam
532 3282 633 3368 ipsrus
654 3283 796 3368 positum
817 3293 1004 3366 asserentes,
1026 3282 1169 3347 animum
1191 3283 1259 3346 eius
1274 3282 1308 3344 in
1325 3284 1409 3347 iram

289 3370 529 3434 concitaverunt
557 3376 654 3453 atque
679 3367 840 3453 predictos
870 3365 1045 3432 cardinales
1072 3366 1197 3430 iniuriis
1229 3365 1361 3431 affectos
1389 3389 1409 3433 e

287 3463 463 3538 conspectu
484 3472 542 3515 suo
565 3451 735 3516 eiecerunt.
766 3450 824 3515 Ait
837 3453 946 3538 itaque
960 3452 1148 3539 imperator:
1172 3448 1277 3530 ‘Quod
1299 3471 1319 3512 a
1339 3448 1408 3516 solo

287 3537 360 3600 Deo
381 3535 546 3618 habemus,
568 3556 720 3599 coronam
741 3533 890 3601 videlicet
911 3537 1047 3622 imperii,
1069 3555 1134 3598 non
1155 3533 1300 3598 Romano
1328 3556 1409 3621 pon-

287 3619 374 3700 tifici,
396 3618 453 3684 sed
474 3616 533 3681 soli
554 3618 626 3682 Deo
649 3618 860 3684 attribuimus.
903 3620 1046 3684 Primam
1068 3639 1182 3684 vocem
1203 3619 1311 3704 regiae
1327 3617 1410 3684 elec-

286 3703 384 3768 tionis
409 3702 561 3787 episcopo
587 3701 802 3788 Mogontiensi
830 3705 1100 3789 recognoscimus,
1127 3700 1268 3788 regalem
1295 3723 1409 3768 conse·

287 3785 462 3852 cretionem
492 3785 733 3873 archipiscopo
756 3785 939 3852 Coloniensi
961 3789 1183 3874 permittimus,
1206 3786 1408 3870 imperialem

286 3872 561 3937 consecrationem
572 3807 716 3935 llomano
731 3871 877 3956 pontifici
890 3873 1100 3972 assignamus.
1133 3871 1281 3935 Picturae
1295 3871 1408 3958 itaque

286 3955 460 4042 deleantur,
493 3956 649 4043 scripture
678 3957 887 4042 corrigantur,
922 3955 1065 4043 ahoquin
1091 3955 1175 4020 inter
1209 3976 1345 4039 regnum
1376 3965 1410 4021 et

287 4117 495 4172 a)an.m..41.
563 4117 793 4172 blandust,
856 4119 1010 4173 c)t.v.A2.
1078 4115 1408 4172 d)deeatA1.=e)vsro

288 4179 339 4220 add.
356 4179 397 4221 01.
458 4177 632 4232 OBlzuncium
648 4181 692 4222 02.
752 4179 776 4233 g)
792 4181 817 4220 tn
833 4191 856 4229 q.
873 4181 888 4221 1.
908 4191 929 4222 a.
946 4179 969 4220 h.
987 4182 1047 4220 cont.
1064 4180 1107 4219 des.
1126 4179 1169 4220 02.

288 4315 316 4381 1)
342 4312 427 4366 Verba
447 4315 572 4381 epistolae
594 4314 623 4366 in
643 4311 727 4367 Gestis
746 4313 805 4379 III,
821 4315 846 4366 9.
866 4319 988 4366 servatae
1005 4328 1059 4363 non
1079 4311 1143 4363 satis
1163 4318 1285 4364 nonnae
1297 4309 1408 4364 reddita

285 4392 356 4440 sunt.
