<?xml version="1.0" encoding="UTF-8"?>
<!DOCTYPE html PUBLIC "-//W3C//DTD XHTML 1.0 Transitional//EN"
    "http://www.w3.org/TR/xhtml1/DTD/xhtml1-transitional.dtd">
<html xmlns="http://www.w3.org/1999/xhtml" xml:lang="en" lang="en">
 <head>
  <title>
</title>
<meta http-equiv="Content-Type" content="text/html;charset=utf-8" />
  <meta name='ocr-system' content='tesseract 3.04.00' />
  <meta name='ocr-capabilities' content='ocr_page ocr_carea ocr_par ocr_line ocrx_word'/>
</head>
<body>
  <div class='ocr_page' id='page_1' title='image "./chronicaregiaco01waitgoog_0131.png"; bbox 0 0 2970 4996; ppageno 0'>
   <div class='ocr_carea' id='block_1_1' title="bbox 266 377 1198 435">
    <p class='ocr_par' dir='ltr' id='par_1_1' title="bbox 266 377 1198 435">
     <span class='ocr_line' id='line_1_1' title="bbox 266 377 1198 435; baseline 0.008 -7"><span class='ocrx_word' id='word_1_1' title='bbox 266 377 454 431; x_wconf 79' lang='lat' dir='ltr'>CHRONICA</span> <span class='ocrx_word' id='word_1_2' title='bbox 473 380 587 431; x_wconf 72' lang='lat' dir='ltr'>Raeti</span> <span class='ocrx_word' id='word_1_3' title='bbox 607 379 851 434; x_wconf 81' lang='lat' dir='ltr'>COLONIENSIS</span> <span class='ocrx_word' id='word_1_4' title='bbox 872 381 902 433; x_wconf 78' lang='lat' dir='ltr'>A.</span> <span class='ocrx_word' id='word_1_5' title='bbox 928 381 1007 433; x_wconf 79' lang='lat'>1158.</span> <span class='ocrx_word' id='word_1_6' title='bbox 1157 387 1198 435; x_wconf 81' lang='lat'>99’</span> 
     </span>
    </p>
   </div>
   <div class='ocr_carea' id='block_1_2' title="bbox 431 552 830 606">
    <p class='ocr_par' dir='ltr' id='par_1_2' title="bbox 431 552 830 606">
     <span class='ocr_line' id='line_1_2' title="bbox 431 552 830 606; baseline 0.01 -4"><span class='ocrx_word' id='word_1_7' title='bbox 431 552 598 604; x_wconf 82' lang='lat' dir='ltr'>Recensio</span> <span class='ocrx_word' id='word_1_8' title='bbox 626 554 650 605; x_wconf 91' lang='lat' dir='ltr'>I.</span> <span class='ocrx_word' id='word_1_9' title='bbox 677 555 769 606; x_wconf 80' lang='lat' dir='ltr'>codd.</span> <span class='ocrx_word' id='word_1_10' title='bbox 796 553 830 606; x_wconf 80' lang='lat' dir='ltr'>A.</span> 
     </span>
    </p>
   </div>
   <div class='ocr_carea' id='block_1_3' title="bbox 60 635 1198 2828">
    <p class='ocr_par' dir='ltr' id='par_1_3' title="bbox 60 635 1198 2828">
     <span class='ocr_line' id='line_1_3' title="bbox 61 635 1198 726; baseline 0.004 -24"><span class='ocrx_word' id='word_1_11' title='bbox 61 647 101 702; x_wconf 90' lang='lat' dir='ltr'>nt</span> <span class='ocrx_word' id='word_1_12' title='bbox 130 637 285 719; x_wconf 78' lang='lat' dir='ltr'>diximus,</span> <span class='ocrx_word' id='word_1_13' title='bbox 313 659 355 700; x_wconf 84' lang='lat' dir='ltr'>ex</span> <span class='ocrx_word' id='word_1_14' title='bbox 380 635 460 702; x_wconf 90' lang='lat' dir='ltr'>urbe</span> <span class='ocrx_word' id='word_1_15' title='bbox 488 647 600 704; x_wconf 88' lang='lat' dir='ltr'>contra</span> <span class='ocrx_word' id='word_1_16' title='bbox 621 661 655 704; x_wconf 91' lang='lat' dir='ltr'>se</span> <span class='ocrx_word' id='word_1_17' title='bbox 677 638 829 704; x_wconf 90' lang='lat' dir='ltr'>bellicum</span> <span class='ocrx_word' id='word_1_18' title='bbox 851 649 974 704; x_wconf 91' lang='lat' dir='ltr'>motum</span> <span class='ocrx_word' id='word_1_19' title='bbox 996 652 1198 726; x_wconf 75' lang='lat' dir='ltr'>senserunt³,</span> 
     </span>
     <span class='ocr_line' id='line_1_4' title="bbox 63 721 1196 811; baseline 0.004 -25"><span class='ocrx_word' id='word_1_20' title='bbox 63 722 181 807; x_wconf 91' lang='lat' dir='ltr'>sicque</span> <span class='ocrx_word' id='word_1_21' title='bbox 203 721 301 786; x_wconf 89' lang='lat' dir='ltr'>citato</span> <span class='ocrx_word' id='word_1_22' title='bbox 323 743 419 785; x_wconf 90' lang='lat' dir='ltr'>cursu</span> <span class='ocrx_word' id='word_1_23' title='bbox 440 722 482 786; x_wconf 89' lang='lat' dir='ltr'>ad</span> <span class='ocrx_word' id='word_1_24' title='bbox 503 725 728 808; x_wconf 85' lang='lat' dir='ltr'><strong>imperatorem</strong></span> <span class='ocrx_word' id='word_1_25' title='bbox 751 723 855 789; x_wconf 92' lang='lat' dir='ltr'>redire</span> <span class='ocrx_word' id='word_1_26' title='bbox 877 736 1038 811; x_wconf 86' lang='lat' dir='ltr'>ceperunt.</span> <span class='ocrx_word' id='word_1_27' title='bbox 1075 725 1196 792; x_wconf 77' lang='lat' dir='ltr'>Comes</span> 
     </span>
     <span class='ocr_line' id='line_1_5' title="bbox 62 806 1193 895; baseline 0.007 -27"><span class='ocrx_word' id='word_1_28' title='bbox 62 827 145 872; x_wconf 89' lang='lat' dir='ltr'>vero</span> <span class='ocrx_word' id='word_1_29' title='bbox 167 806 378 871; x_wconf 87' lang='lat' dir='ltr'>Ekkebertus</span> <span class='ocrx_word' id='word_1_30' title='bbox 396 827 469 870; x_wconf 90' lang='lat' dir='ltr'>cum</span> <span class='ocrx_word' id='word_1_31' title='bbox 484 808 597 893; x_wconf 82' lang='lat' dir='ltr'><strong>paucis</strong></span> <span class='ocrx_word' id='word_1_32' title='bbox 612 829 743 872; x_wconf 89' lang='lat' dir='ltr'>suorum</span> <span class='ocrx_word' id='word_1_33' title='bbox 757 807 896 873; x_wconf 87' lang='lat' dir='ltr'>infausto</span> <span class='ocrx_word' id='word_1_34' title='bbox 911 811 1054 895; x_wconf 88' lang='lat' dir='ltr'>auspicio</span> <span class='ocrx_word' id='word_1_35' title='bbox 1069 810 1193 876; x_wconf 86' lang='lat' dir='ltr'>tardius</span> 
     </span>
     <span class='ocr_line' id='line_1_6' title="bbox 61 891 1195 978; baseline 0.005 -25"><span class='ocrx_word' id='word_1_36' title='bbox 61 911 105 954; x_wconf 90' lang='lat' dir='ltr'>ac</span> <span class='ocrx_word' id='word_1_37' title='bbox 129 911 259 955; x_wconf 90' lang='lat' dir='ltr'>morose</span> <span class='ocrx_word' id='word_1_38' title='bbox 281 891 534 974; x_wconf 81' lang='lat' dir='ltr'>regrediebatur.</span> <span class='ocrx_word' id='word_1_39' title='bbox 567 891 663 972; x_wconf 77' lang='lat' dir='ltr'>Quod</span> <span class='ocrx_word' id='word_1_40' title='bbox 684 893 844 957; x_wconf 86' lang='lat' dir='ltr'>intuentes</span> <span class='ocrx_word' id='word_1_41' title='bbox 868 894 978 978; x_wconf 91' lang='lat' dir='ltr'>quiin</span> <span class='ocrx_word' id='word_1_42' title='bbox 998 893 1078 958; x_wconf 89' lang='lat' dir='ltr'>urbe</span> <span class='ocrx_word' id='word_1_43' title='bbox 1093 908 1195 978; x_wconf 88' lang='lat' dir='ltr'>erant,</span> 
     </span>
     <span class='ocr_line' id='line_1_7' title="bbox 62 973 1192 1122; baseline 0.004 -82"><span class='ocrx_word' id='word_1_44' title='bbox 62 997 152 1122; x_wconf 66' lang='lat' dir='ltr'>fene</span> <span class='ocrx_word' id='word_1_45' title='bbox 174 973 218 1038; x_wconf 92' lang='lat' dir='ltr'>ad</span> <span class='ocrx_word' id='word_1_46' title='bbox 233 975 349 1039; x_wconf 75' lang='lat'>20000</span> <span class='ocrx_word' id='word_1_47' title='bbox 372 976 473 1061; x_wconf 87' lang='lat' dir='ltr'>portis</span> <span class='ocrx_word' id='word_1_48' title='bbox 497 985 681 1060; x_wconf 89' lang='lat' dir='ltr'>eruperunt,</span> <span class='ocrx_word' id='word_1_49' title='bbox 705 987 737 1040; x_wconf 88' lang='lat' dir='ltr'>et</span> <span class='ocrx_word' id='word_1_50' title='bbox 758 997 812 1040; x_wconf 89' lang='lat' dir='ltr'>eos</span> <span class='ocrx_word' id='word_1_51' title='bbox 835 978 985 1059; x_wconf 88' lang='lat' dir='ltr'>insecuti,</span> <span class='ocrx_word' id='word_1_52' title='bbox 1005 1000 1106 1062; x_wconf 82' lang='lat' dir='ltr'>grave</span> <span class='ocrx_word' id='word_1_53' title='bbox 1129 978 1192 1044; x_wconf 93' lang='lat' dir='ltr'>bel-</span> 
     </span>
     <span class='ocr_line' id='line_1_8' title="bbox 75 1059 1193 1126; baseline 0.004 -4"><span class='ocrx_word' id='word_1_54' title='bbox 75 1081 135 1122; x_wconf 92' lang='lat' dir='ltr'>um</span> <span class='ocrx_word' id='word_1_55' title='bbox 158 1060 396 1124; x_wconf 88' lang='lat' dir='ltr'>commiserunt.</span> <span class='ocrx_word' id='word_1_56' title='bbox 424 1059 476 1124; x_wconf 88' lang='lat' dir='ltr'>Ibi</span> <span class='ocrx_word' id='word_1_57' title='bbox 497 1060 688 1124; x_wconf 87' lang='lat' dir='ltr'>fortissimus</span> <span class='ocrx_word' id='word_1_58' title='bbox 710 1082 817 1125; x_wconf 88' lang='lat' dir='ltr'>comes</span> <span class='ocrx_word' id='word_1_59' title='bbox 837 1060 1045 1126; x_wconf 83' lang='lat' dir='ltr'>Ekkebertus</span> <span class='ocrx_word' id='word_1_60' title='bbox 1067 1066 1193 1126; x_wconf 89' lang='lat' dir='ltr'>occisus</span> 
     </span>
     <span class='ocr_line' id='line_1_9' title="bbox 64 1141 1196 1232; baseline 0.004 -25"><span class='ocrx_word' id='word_1_61' title='bbox 64 1154 115 1208; x_wconf 90' lang='lat' dir='ltr'>est</span> <span class='ocrx_word' id='word_1_62' title='bbox 138 1165 213 1207; x_wconf 91' lang='lat' dir='ltr'>cum</span> <span class='ocrx_word' id='word_1_63' title='bbox 234 1141 405 1226; x_wconf 83' lang='lat' dir='ltr'>nonnullis,</span> <span class='ocrx_word' id='word_1_64' title='bbox 428 1143 527 1228; x_wconf 88' lang='lat' dir='ltr'>aliqui</span> <span class='ocrx_word' id='word_1_65' title='bbox 547 1166 624 1209; x_wconf 88' lang='lat' dir='ltr'>vero</span> <span class='ocrx_word' id='word_1_66' title='bbox 647 1145 799 1229; x_wconf 87' lang='lat' dir='ltr'>captivati</span> <span class='ocrx_word' id='word_1_67' title='bbox 821 1155 903 1208; x_wconf 90' lang='lat' dir='ltr'>sunt.</span> <span class='ocrx_word' id='word_1_68' title='bbox 931 1145 1005 1226; x_wconf 79' lang='lat' dir='ltr'>Quo</span> <span class='ocrx_word' id='word_1_69' title='bbox 1028 1159 1196 1232; x_wconf 87' lang='lat' dir='ltr'>comperto</span> 
     </span>
     <span class='ocr_line' id='line_1_10' title="bbox 63 1227 1194 1313; baseline 0.005 -23"><span class='ocrx_word' id='word_1_70' title='bbox 63 1248 156 1292; x_wconf 84' lang='lat' dir='ltr'>cesar</span> <span class='ocrx_word' id='word_1_71' title='bbox 189 1229 273 1292; x_wconf 89' lang='lat' dir='ltr'>inter</span> <span class='ocrx_word' id='word_1_72' title='bbox 305 1228 496 1310; x_wconf 87' lang='lat' dir='ltr'>cenandum,</span> <span class='ocrx_word' id='word_1_73' title='bbox 532 1227 715 1313; x_wconf 89' lang='lat' dir='ltr'>predictum</span> <span class='ocrx_word' id='word_1_74' title='bbox 749 1231 899 1294; x_wconf 88' lang='lat' dir='ltr'>comitem</span> <span class='ocrx_word' id='word_1_75' title='bbox 932 1233 1009 1294; x_wconf 90' lang='lat' dir='ltr'>satis</span> <span class='ocrx_word' id='word_1_76' title='bbox 1046 1229 1194 1296; x_wconf 89' lang='lat' dir='ltr'>luctuose</span> 
     </span>
     <span class='ocr_line' id='line_1_11' title="bbox 62 1310 1194 1400; baseline 0.004 -24"><span class='ocrx_word' id='word_1_77' title='bbox 62 1310 254 1398; x_wconf 85' lang='lat' dir='ltr'>deploravit,</span> <span class='ocrx_word' id='word_1_78' title='bbox 278 1310 357 1375; x_wconf 86' lang='lat' dir='ltr'>alios</span> <span class='ocrx_word' id='word_1_79' title='bbox 379 1311 419 1376; x_wconf 92' lang='lat' dir='ltr'>de</span> <span class='ocrx_word' id='word_1_80' title='bbox 441 1312 659 1377; x_wconf 82' lang='lat' dir='ltr'>inobedientia</span> <span class='ocrx_word' id='word_1_81' title='bbox 680 1313 833 1399; x_wconf 84' lang='lat' dir='ltr'>coarguit,</span> <span class='ocrx_word' id='word_1_82' title='bbox 856 1315 925 1398; x_wconf 90' lang='lat' dir='ltr'>ipse</span> <span class='ocrx_word' id='word_1_83' title='bbox 948 1335 1023 1378; x_wconf 89' lang='lat' dir='ltr'>vero</span> <span class='ocrx_word' id='word_1_84' title='bbox 1047 1317 1194 1400; x_wconf 88' lang='lat' dir='ltr'>sequenti</span> 
     </span>
     <span class='ocr_line' id='line_1_12' title="bbox 63 1395 1195 1464; baseline 0.002 -4"><span class='ocrx_word' id='word_1_85' title='bbox 63 1395 118 1461; x_wconf 91' lang='lat' dir='ltr'>die</span> <span class='ocrx_word' id='word_1_86' title='bbox 147 1417 222 1460; x_wconf 85' lang='lat' dir='ltr'>eum</span> <span class='ocrx_word' id='word_1_87' title='bbox 249 1397 337 1459; x_wconf 92' lang='lat' dir='ltr'>omni</span> <span class='ocrx_word' id='word_1_88' title='bbox 366 1397 512 1461; x_wconf 86' lang='lat' dir='ltr'>exercitu</span> <span class='ocrx_word' id='word_1_89' title='bbox 540 1395 757 1461; x_wconf 85' lang='lat' dir='ltr'>Mediolanum</span> <span class='ocrx_word' id='word_1_90' title='bbox 785 1399 923 1462; x_wconf 87' lang='lat' dir='ltr'>accessit</span> <span class='ocrx_word' id='word_1_91' title='bbox 949 1408 980 1463; x_wconf 89' lang='lat' dir='ltr'>et</span> <span class='ocrx_word' id='word_1_92' title='bbox 1008 1410 1114 1464; x_wconf 89' lang='lat' dir='ltr'>castra</span> <span class='ocrx_word' id='word_1_93' title='bbox 1135 1421 1195 1464; x_wconf 90' lang='lat' dir='ltr'>sua</span> 
     </span>
     <span class='ocr_line' id='line_1_13' title="bbox 61 1479 1192 1582; baseline 0.004 -38"><span class='ocrx_word' id='word_1_94' title='bbox 61 1490 138 1545; x_wconf 89' lang='lat' dir='ltr'>ante</span> <span class='ocrx_word' id='word_1_95' title='bbox 160 1489 289 1565; x_wconf 89' lang='lat' dir='ltr'>portam</span> <span class='ocrx_word' id='word_1_96' title='bbox 311 1501 393 1566; x_wconf 88' lang='lat' dir='ltr'>quae</span> <span class='ocrx_word' id='word_1_97' title='bbox 415 1481 563 1545; x_wconf 90' lang='lat' dir='ltr'>Romana</span> <span class='ocrx_word' id='word_1_98' title='bbox 584 1480 701 1544; x_wconf 88' lang='lat' dir='ltr'>dicitur</span> <span class='ocrx_word' id='word_1_99' title='bbox 722 1479 821 1544; x_wconf 90' lang='lat' dir='ltr'>locari</span> <span class='ocrx_word' id='word_1_100' title='bbox 843 1481 927 1564; x_wconf 88' lang='lat' dir='ltr'>fecit,</span> <span class='ocrx_word' id='word_1_101' title='bbox 955 1480 1086 1568; x_wconf 90' lang='lat' dir='ltr'>reliquis</span> <span class='ocrx_word' id='word_1_102' title='bbox 1106 1485 1192 1582; x_wconf 82' lang='lat' dir='ltr'>prin-</span> 
     </span>
     <span class='ocr_line' id='line_1_14' title="bbox 62 1562 1192 1651; baseline 0.003 -22"><span class='ocrx_word' id='word_1_103' title='bbox 62 1563 193 1651; x_wconf 90' lang='lat' dir='ltr'>cipibus</span> <span class='ocrx_word' id='word_1_104' title='bbox 223 1565 310 1627; x_wconf 86' lang='lat' dir='ltr'>circa</span> <span class='ocrx_word' id='word_1_105' title='bbox 342 1562 420 1628; x_wconf 89' lang='lat' dir='ltr'>alias</span> <span class='ocrx_word' id='word_1_106' title='bbox 454 1576 563 1650; x_wconf 89' lang='lat' dir='ltr'>portas</span> <span class='ocrx_word' id='word_1_107' title='bbox 596 1574 629 1628; x_wconf 88' lang='lat' dir='ltr'>et</span> <span class='ocrx_word' id='word_1_108' title='bbox 661 1587 679 1630; x_wconf 91' lang='lat' dir='ltr'>o</span> <span class='ocrx_word' id='word_1_109' title='bbox 705 1575 819 1629; x_wconf 89' lang='lat' dir='ltr'>ortuna</span> <span class='ocrx_word' id='word_1_110' title='bbox 844 1565 916 1630; x_wconf 92' lang='lat' dir='ltr'>loca</span> <span class='ocrx_word' id='word_1_111' title='bbox 938 1565 1192 1650; x_wconf 84' lang='lat' dir='ltr'>observantrbus,</span> 
     </span>
     <span class='ocr_line' id='line_1_15' title="bbox 62 1588 1191 1734; baseline 0 -21"><span class='ocrx_word' id='word_1_112' title='bbox 62 1649 182 1714; x_wconf 84' lang='lat' dir='ltr'>excisis</span> <span class='ocrx_word' id='word_1_113' title='bbox 204 1649 307 1712; x_wconf 89' lang='lat' dir='ltr'>vineis</span> <span class='ocrx_word' id='word_1_114' title='bbox 330 1670 412 1734; x_wconf 89' lang='lat' dir='ltr'>quae</span> <span class='ocrx_word' id='word_1_115' title='bbox 433 1649 468 1712; x_wconf 93' lang='lat' dir='ltr'>in</span> <span class='ocrx_word' id='word_1_116' title='bbox 490 1649 626 1713; x_wconf 89' lang='lat' dir='ltr'>circuitu</span> <span class='ocrx_word' id='word_1_117' title='bbox 647 1588 736 1713; x_wconf 78' lang='lat' dir='ltr'>urliis</span> <span class='ocrx_word' id='word_1_118' title='bbox 759 1659 858 1714; x_wconf 89' lang='lat' dir='ltr'>erant.</span> <span class='ocrx_word' id='word_1_119' title='bbox 892 1649 947 1714; x_wconf 84' lang='lat' dir='ltr'>Sic</span> <span class='ocrx_word' id='word_1_120' title='bbox 970 1671 1046 1734; x_wconf 89' lang='lat' dir='ltr'>ergo</span> <span class='ocrx_word' id='word_1_121' title='bbox 1069 1650 1191 1715; x_wconf 90' lang='lat' dir='ltr'>Medio-</span> 
     </span>
     <span class='ocr_line' id='line_1_16' title="bbox 60 1733 1191 1818; baseline 0.003 -23"><span class='ocrx_word' id='word_1_122' title='bbox 60 1733 173 1796; x_wconf 88' lang='lat' dir='ltr'>lanum</span> <span class='ocrx_word' id='word_1_123' title='bbox 206 1753 227 1794; x_wconf 92' lang='lat' dir='ltr'>a</span> <span class='ocrx_word' id='word_1_124' title='bbox 247 1740 315 1797; x_wconf 89' lang='lat' dir='ltr'>toto</span> <span class='ocrx_word' id='word_1_125' title='bbox 343 1735 490 1798; x_wconf 85' lang='lat' dir='ltr'>exercitu</span> <span class='ocrx_word' id='word_1_126' title='bbox 512 1735 600 1797; x_wconf 91' lang='lat' dir='ltr'>omni</span> <span class='ocrx_word' id='word_1_127' title='bbox 621 1743 711 1818; x_wconf 91' lang='lat' dir='ltr'>parte</span> <span class='ocrx_word' id='word_1_128' title='bbox 733 1734 901 1798; x_wconf 89' lang='lat' dir='ltr'>obsessum</span> <span class='ocrx_word' id='word_1_129' title='bbox 923 1741 979 1804; x_wconf 78' lang='lat' dir='ltr'>est.</span> <span class='ocrx_word' id='word_1_130' title='bbox 1024 1733 1092 1799; x_wconf 89' lang='lat' dir='ltr'>Nec</span> <span class='ocrx_word' id='word_1_131' title='bbox 1113 1755 1191 1800; x_wconf 88' lang='lat' dir='ltr'>vero</span> 
     </span>
     <span class='ocr_line' id='line_1_17' title="bbox 63 1816 1191 1902; baseline 0.002 -22"><span class='ocrx_word' id='word_1_132' title='bbox 63 1816 174 1880; x_wconf 89' lang='lat' dir='ltr'>omnia</span> <span class='ocrx_word' id='word_1_133' title='bbox 207 1838 290 1902; x_wconf 90' lang='lat' dir='ltr'>quae</span> <span class='ocrx_word' id='word_1_134' title='bbox 323 1819 356 1880; x_wconf 91' lang='lat' dir='ltr'>in</span> <span class='ocrx_word' id='word_1_135' title='bbox 388 1816 443 1882; x_wconf 90' lang='lat' dir='ltr'>illa</span> <span class='ocrx_word' id='word_1_136' title='bbox 476 1816 643 1883; x_wconf 84' lang='lat' dir='ltr'>obsidione</span> <span class='ocrx_word' id='word_1_137' title='bbox 675 1825 766 1902; x_wconf 89' lang='lat' dir='ltr'>gesta</span> <span class='ocrx_word' id='word_1_138' title='bbox 793 1826 867 1881; x_wconf 89' lang='lat' dir='ltr'>sunt</span> <span class='ocrx_word' id='word_1_139' title='bbox 888 1817 1101 1883; x_wconf 89' lang='lat' dir='ltr'>describenda</span> <span class='ocrx_word' id='word_1_140' title='bbox 1123 1842 1191 1882; x_wconf 92' lang='lat' dir='ltr'>sus-</span> 
     </span>
     <span class='ocr_line' id='line_1_18' title="bbox 61 1902 1190 1988; baseline 0.003 -24"><span class='ocrx_word' id='word_1_141' title='bbox 61 1902 221 1988; x_wconf 88' lang='lat' dir='ltr'>cepimus,</span> <span class='ocrx_word' id='word_1_142' title='bbox 267 1902 321 1964; x_wconf 93' lang='lat' dir='ltr'>uia</span> <span class='ocrx_word' id='word_1_143' title='bbox 341 1924 401 1966; x_wconf 89' lang='lat' dir='ltr'>nec</span> <span class='ocrx_word' id='word_1_144' title='bbox 424 1912 549 1966; x_wconf 89' lang='lat' dir='ltr'>nostrae</span> <span class='ocrx_word' id='word_1_145' title='bbox 572 1910 688 1966; x_wconf 88' lang='lat' dir='ltr'>cuncta</span> <span class='ocrx_word' id='word_1_146' title='bbox 726 1912 815 1967; x_wconf 89' lang='lat' dir='ltr'>atent</span> <span class='ocrx_word' id='word_1_147' title='bbox 830 1903 1015 1986; x_wconf 82' lang='lat' dir='ltr'>cognitioni,</span> <span class='ocrx_word' id='word_1_148' title='bbox 1039 1904 1190 1988; x_wconf 89' lang='lat' dir='ltr'>quoniam</span> 
     </span>
     <span class='ocr_line' id='line_1_19' title="bbox 63 1924 1192 2071; baseline 0.002 -23"><span class='ocrx_word' id='word_1_149' title='bbox 63 1987 119 2071; x_wconf 92' lang='lat' dir='ltr'>qui</span> <span class='ocrx_word' id='word_1_150' title='bbox 151 1924 282 2070; x_wconf 77' lang='lat' dir='ltr'>singuia</span> <span class='ocrx_word' id='word_1_151' title='bbox 309 1984 491 2050; x_wconf 86' lang='lat' dir='ltr'>describere</span> <span class='ocrx_word' id='word_1_152' title='bbox 520 1984 615 2050; x_wconf 90' lang='lat' dir='ltr'>vellet</span> <span class='ocrx_word' id='word_1_153' title='bbox 641 1925 772 2050; x_wconf 79' lang='lat' dir='ltr'>modian</span> <span class='ocrx_word' id='word_1_154' title='bbox 801 1986 923 2069; x_wconf 87' lang='lat' dir='ltr'>Regiae</span> <span class='ocrx_word' id='word_1_155' title='bbox 950 1985 1106 2052; x_wconf 82' lang='lat' dir='ltr'>Oronioae</span> <span class='ocrx_word' id='word_1_156' title='bbox 1136 2010 1192 2052; x_wconf 87' lang='lat' dir='ltr'>ex-</span> 
     </span>
     <span class='ocr_line' id='line_1_20' title="bbox 63 2068 1190 2156; baseline 0.003 -24"><span class='ocrx_word' id='word_1_157' title='bbox 63 2070 202 2146; x_wconf 84' lang='lat' dir='ltr'>cederet,</span> <span class='ocrx_word' id='word_1_158' title='bbox 226 2068 301 2133; x_wconf 91' lang='lat' dir='ltr'>licet</span> <span class='ocrx_word' id='word_1_159' title='bbox 322 2091 342 2132; x_wconf 89' lang='lat' dir='ltr'>a</span> <span class='ocrx_word' id='word_1_160' title='bbox 363 2069 523 2134; x_wconf 90' lang='lat' dir='ltr'>nonnullis</span> <span class='ocrx_word' id='word_1_161' title='bbox 545 2069 625 2134; x_wconf 93' lang='lat' dir='ltr'>haec</span> <span class='ocrx_word' id='word_1_162' title='bbox 648 2070 788 2134; x_wconf 85' lang='lat' dir='ltr'>studiose</span> <span class='ocrx_word' id='word_1_163' title='bbox 803 2071 982 2156; x_wconf 87' lang='lat' dir='ltr'>perscripta</span> <span class='ocrx_word' id='word_1_164' title='bbox 995 2072 1190 2135; x_wconf 87' lang='lat' dir='ltr'>noverimus.</span> 
     </span>
     <span class='ocr_line' id='line_1_21' title="bbox 63 2153 1191 2240; baseline 0.001 -21"><span class='ocrx_word' id='word_1_165' title='bbox 63 2153 149 2219; x_wconf 81' lang='lat' dir='ltr'>Cum</span> <span class='ocrx_word' id='word_1_166' title='bbox 173 2175 250 2238; x_wconf 89' lang='lat' dir='ltr'>ergo</span> <span class='ocrx_word' id='word_1_167' title='bbox 274 2153 341 2216; x_wconf 64' lang='lat' dir='ltr'>sici</span> <span class='ocrx_word' id='word_1_168' title='bbox 363 2153 618 2219; x_wconf 88' lang='lat' dir='ltr'>Mediolanenses</span> <span class='ocrx_word' id='word_1_169' title='bbox 652 2153 776 2218; x_wconf 87' lang='lat' dir='ltr'>obsessi</span> <span class='ocrx_word' id='word_1_170' title='bbox 804 2164 924 2236; x_wconf 90' lang='lat' dir='ltr'>essent,</span> <span class='ocrx_word' id='word_1_171' title='bbox 959 2154 1099 2240; x_wconf 90' lang='lat' dir='ltr'>quadam</span> <span class='ocrx_word' id='word_1_172' title='bbox 1127 2156 1191 2240; x_wconf 93' lang='lat' dir='ltr'>die,</span> 
     </span>
     <span class='ocr_line' id='line_1_22' title="bbox 63 2237 1194 2324; baseline 0.004 -23"><span class='ocrx_word' id='word_1_173' title='bbox 63 2239 183 2324; x_wconf 92' lang='lat' dir='ltr'>quietis</span> <span class='ocrx_word' id='word_1_174' title='bbox 195 2237 398 2314; x_wconf 83' lang='lat' dir='ltr'>caesarianis,</span> <span class='ocrx_word' id='word_1_175' title='bbox 411 2260 500 2302; x_wconf 93' lang='lat' dir='ltr'>arma</span> <span class='ocrx_word' id='word_1_176' title='bbox 512 2239 711 2324; x_wconf 85' lang='lat' dir='ltr'>corripiuntc</span> <span class='ocrx_word' id='word_1_177' title='bbox 726 2248 758 2303; x_wconf 89' lang='lat' dir='ltr'>et</span> <span class='ocrx_word' id='word_1_178' title='bbox 774 2261 790 2302; x_wconf 93' lang='lat' dir='ltr'>e</span> <span class='ocrx_word' id='word_1_179' title='bbox 806 2237 909 2302; x_wconf 90' lang='lat' dir='ltr'>tribus</span> <span class='ocrx_word' id='word_1_180' title='bbox 923 2239 1023 2324; x_wconf 87' lang='lat' dir='ltr'>portis</span> <span class='ocrx_word' id='word_1_181' title='bbox 1038 2239 1194 2304; x_wconf 88' lang='lat' dir='ltr'>audacter</span> 
     </span>
     <span class='ocr_line' id='line_1_23' title="bbox 63 2321 1190 2408; baseline 0.001 -21"><span class='ocrx_word' id='word_1_182' title='bbox 63 2331 246 2408; x_wconf 83' lang='lat' dir='ltr'>erumpunt,</span> <span class='ocrx_word' id='word_1_183' title='bbox 270 2344 311 2386; x_wconf 84' lang='lat' dir='ltr'>ex</span> <span class='ocrx_word' id='word_1_184' title='bbox 333 2344 397 2386; x_wconf 92' lang='lat' dir='ltr'>una</span> <span class='ocrx_word' id='word_1_185' title='bbox 419 2321 540 2388; x_wconf 88' lang='lat' dir='ltr'>scilicet</span> <span class='ocrx_word' id='word_1_186' title='bbox 561 2323 617 2388; x_wconf 92' lang='lat' dir='ltr'>ubi</span> <span class='ocrx_word' id='word_1_187' title='bbox 639 2323 863 2408; x_wconf 85' lang='lat' dir='ltr'>imperatorisd</span> <span class='ocrx_word' id='word_1_188' title='bbox 888 2333 993 2387; x_wconf 86' lang='lat' dir='ltr'>castra</span> <span class='ocrx_word' id='word_1_189' title='bbox 1015 2334 1114 2407; x_wconf 91' lang='lat' dir='ltr'>erant,</span> <span class='ocrx_word' id='word_1_190' title='bbox 1148 2347 1190 2388; x_wconf 85' lang='lat' dir='ltr'>ex</span> 
     </span>
     <span class='ocr_line' id='line_1_24' title="bbox 61 2405 1191 2487; baseline 0.004 -19"><span class='ocrx_word' id='word_1_191' title='bbox 61 2405 126 2472; x_wconf 90' lang='lat' dir='ltr'>alia</span> <span class='ocrx_word' id='word_1_192' title='bbox 147 2405 206 2469; x_wconf 91' lang='lat' dir='ltr'>ubi</span> <span class='ocrx_word' id='word_1_193' title='bbox 229 2428 287 2470; x_wconf 84' lang='lat' dir='ltr'>rex</span> <span class='ocrx_word' id='word_1_194' title='bbox 302 2407 454 2472; x_wconf 90' lang='lat' dir='ltr'>Boemiae</span> <span class='ocrx_word' id='word_1_195' title='bbox 478 2405 678 2487; x_wconf 87' lang='lat' dir='ltr'>observabat,</span> <span class='ocrx_word' id='word_1_196' title='bbox 701 2429 743 2470; x_wconf 85' lang='lat' dir='ltr'>ex</span> <span class='ocrx_word' id='word_1_197' title='bbox 757 2408 857 2471; x_wconf 90' lang='lat' dir='ltr'>tercia</span> <span class='ocrx_word' id='word_1_198' title='bbox 870 2407 927 2472; x_wconf 92' lang='lat' dir='ltr'>ubi</span> <span class='ocrx_word' id='word_1_199' title='bbox 942 2405 1011 2470; x_wconf 86' lang='lat' dir='ltr'>dux</span> <span class='ocrx_word' id='word_1_200' title='bbox 1028 2407 1191 2473; x_wconf 87' lang='lat' dir='ltr'>Saxoniae</span> 
     </span>
     <span class='ocr_line' id='line_1_25' title="bbox 62 2489 1187 2578; baseline 0 -22"><span class='ocrx_word' id='word_1_201' title='bbox 62 2499 140 2556; x_wconf 88' lang='lat' dir='ltr'>erat.</span> <span class='ocrx_word' id='word_1_202' title='bbox 188 2490 404 2555; x_wconf 79' lang='lat' dir='ltr'>Commissum</span> <span class='ocrx_word' id='word_1_203' title='bbox 426 2502 475 2556; x_wconf 91' lang='lat' dir='ltr'>est</span> <span class='ocrx_word' id='word_1_204' title='bbox 489 2492 598 2577; x_wconf 85' lang='lat' dir='ltr'>itaque</span> <span class='ocrx_word' id='word_1_205' title='bbox 620 2512 719 2576; x_wconf 89' lang='lat' dir='ltr'>grave</span> <span class='ocrx_word' id='word_1_206' title='bbox 741 2489 888 2576; x_wconf 90' lang='lat' dir='ltr'>prelium,</span> <span class='ocrx_word' id='word_1_207' title='bbox 913 2493 1106 2556; x_wconf 87' lang='lat' dir='ltr'>caesarianis</span> <span class='ocrx_word' id='word_1_208' title='bbox 1128 2515 1187 2578; x_wconf 89' lang='lat' dir='ltr'>pro</span> 
     </span>
     <span class='ocr_line' id='line_1_26' title="bbox 60 2573 1191 2661; baseline 0.004 -25"><span class='ocrx_word' id='word_1_209' title='bbox 60 2573 177 2661; x_wconf 84' lang='lat' dir='ltr'>gloria,</span> <span class='ocrx_word' id='word_1_210' title='bbox 207 2574 498 2640; x_wconf 87' lang='lat' dir='ltr'>Mediolanensibus</span> <span class='ocrx_word' id='word_1_211' title='bbox 528 2596 585 2660; x_wconf 89' lang='lat' dir='ltr'>pro</span> <span class='ocrx_word' id='word_1_212' title='bbox 608 2573 710 2639; x_wconf 89' lang='lat' dir='ltr'>salute</span> <span class='ocrx_word' id='word_1_213' title='bbox 732 2598 776 2660; x_wconf 89' lang='lat' dir='ltr'>pu</span> <span class='ocrx_word' id='word_1_214' title='bbox 824 2574 962 2639; x_wconf 90' lang='lat' dir='ltr'>antibus.</span> <span class='ocrx_word' id='word_1_215' title='bbox 1005 2577 1092 2640; x_wconf 89' lang='lat' dir='ltr'>Victi</span> <span class='ocrx_word' id='word_1_216' title='bbox 1114 2586 1191 2641; x_wconf 87' lang='lat' dir='ltr'>sunt</span> 
     </span>
     <span class='ocr_line' id='line_1_27' title="bbox 60 2657 1189 2746; baseline -0.001 -22"><span class='ocrx_word' id='word_1_217' title='bbox 60 2657 195 2724; x_wconf 92' lang='lat' dir='ltr'>tandem</span> <span class='ocrx_word' id='word_1_218' title='bbox 218 2657 472 2724; x_wconf 91' lang='lat' dir='ltr'>Mediolanenses</span> <span class='ocrx_word' id='word_1_219' title='bbox 495 2660 581 2723; x_wconf 91' lang='lat' dir='ltr'>etin</span> <span class='ocrx_word' id='word_1_220' title='bbox 602 2660 714 2724; x_wconf 92' lang='lat' dir='ltr'>urbem</span> <span class='ocrx_word' id='word_1_221' title='bbox 736 2681 770 2722; x_wconf 90' lang='lat' dir='ltr'>re</span> <span class='ocrx_word' id='word_1_222' title='bbox 796 2660 840 2724; x_wconf 85' lang='lat' dir='ltr'>‘re</span> <span class='ocrx_word' id='word_1_223' title='bbox 862 2661 976 2724; x_wconf 90' lang='lat' dir='ltr'>coacti.</span> <span class='ocrx_word' id='word_1_224' title='bbox 1020 2661 1108 2746; x_wconf 85' lang='lat' dir='ltr'>Ergo</span> <span class='ocrx_word' id='word_1_225' title='bbox 1130 2682 1189 2745; x_wconf 91' lang='lat' dir='ltr'>per</span> 
     </span>
     <span class='ocr_line' id='line_1_28' title="bbox 61 2741 1190 2828; baseline 0.004 -23"><span class='ocrx_word' id='word_1_226' title='bbox 61 2741 190 2828; x_wconf 87' lang='lat' dir='ltr'>aliquot</span> <span class='ocrx_word' id='word_1_227' title='bbox 224 2742 292 2806; x_wconf 89' lang='lat' dir='ltr'>dies</span> <span class='ocrx_word' id='word_1_228' title='bbox 329 2744 375 2808; x_wconf 86' lang='lat' dir='ltr'>sie</span> <span class='ocrx_word' id='word_1_229' title='bbox 412 2743 551 2808; x_wconf 87' lang='lat' dir='ltr'>obsessis</span> <span class='ocrx_word' id='word_1_230' title='bbox 560 2756 582 2825; x_wconf 75' lang='lat'>⁰,</span> <span class='ocrx_word' id='word_1_231' title='bbox 620 2742 822 2807; x_wconf 87' lang='lat' dir='ltr'>multitudine</span> <span class='ocrx_word' id='word_1_232' title='bbox 858 2742 1069 2808; x_wconf 89' lang='lat' dir='ltr'>ruricolarum</span> <span class='ocrx_word' id='word_1_233' title='bbox 1102 2747 1190 2810; x_wconf 84' lang='lat' dir='ltr'>intus</span> 
     </span>
    </p>
   </div>
   <div class='ocr_carea' id='block_1_4' title="bbox 60 2824 1189 2998">
    <p class='ocr_par' dir='ltr' id='par_1_4' title="bbox 60 2824 1189 2998">
     <span class='ocr_line' id='line_1_29' title="bbox 61 2824 1189 2914; baseline 0.002 -25"><span class='ocrx_word' id='word_1_234' title='bbox 61 2824 267 2912; x_wconf 90' lang='lat' dir='ltr'>conglobata,</span> <span class='ocrx_word' id='word_1_235' title='bbox 300 2848 374 2890; x_wconf 89' lang='lat' dir='ltr'>cum</span> <span class='ocrx_word' id='word_1_236' title='bbox 403 2826 554 2892; x_wconf 89' lang='lat' dir='ltr'>animalia</span> <span class='ocrx_word' id='word_1_237' title='bbox 575 2827 617 2890; x_wconf 91' lang='lat' dir='ltr'>ad</span> <span class='ocrx_word' id='word_1_238' title='bbox 638 2848 761 2913; x_wconf 89' lang='lat' dir='ltr'>pascua</span> <span class='ocrx_word' id='word_1_239' title='bbox 783 2829 872 2892; x_wconf 87' lang='lat' dir='ltr'>exire</span> <span class='ocrx_word' id='word_1_240' title='bbox 894 2829 1074 2914; x_wconf 90' lang='lat' dir='ltr'>nequirent,</span> <span class='ocrx_word' id='word_1_241' title='bbox 1106 2829 1189 2895; x_wconf 88' lang='lat' dir='ltr'>fetor</span> 
     </span>
     <span class='ocr_line' id='line_1_30' title="bbox 60 2909 1188 2998; baseline 0 -23"><span class='ocrx_word' id='word_1_242' title='bbox 60 2913 178 2996; x_wconf 88' lang='lat' dir='ltr'>ingens</span> <span class='ocrx_word' id='word_1_243' title='bbox 211 2912 245 2974; x_wconf 90' lang='lat' dir='ltr'>in</span> <span class='ocrx_word' id='word_1_244' title='bbox 277 2912 356 2977; x_wconf 90' lang='lat' dir='ltr'>urbe</span> <span class='ocrx_word' id='word_1_245' title='bbox 392 2909 559 2998; x_wconf 87' lang='lat' dir='ltr'>prevaluit.</span> <span class='ocrx_word' id='word_1_246' title='bbox 615 2911 863 2976; x_wconf 74' lang='lat' dir='ltr'>Considerantes</span> <span class='ocrx_word' id='word_1_247' title='bbox 904 2933 1033 2998; x_wconf 92' lang='lat' dir='ltr'>quoque</span> <span class='ocrx_word' id='word_1_248' title='bbox 1066 2913 1188 2977; x_wconf 90' lang='lat' dir='ltr'>Medio-</span> 
     </span>
    </p>
   </div>
   <div class='ocr_carea' id='block_1_5' title="bbox 68 3035 276 3046">
    <p class='ocr_par' dir='ltr' id='par_1_5' title="bbox 68 3035 276 3046">
     <span class='ocr_line' id='line_1_31' title="bbox 68 3035 276 3046; baseline -0.01 0"><span class='ocrx_word' id='word_1_249' title='bbox 68 3035 276 3046; x_wconf 43' lang='grc' dir='ltr'>μ’*</span> 
     </span>
    </p>
   </div>
   <div class='ocr_carea' id='block_1_6' title="bbox 60 3073 1189 4243">
    <p class='ocr_par' dir='ltr' id='par_1_6' title="bbox 406 3073 843 3128">
     <span class='ocr_line' id='line_1_32' title="bbox 406 3073 843 3128; baseline -0.002 -2"><span class='ocrx_word' id='word_1_250' title='bbox 406 3073 569 3128; x_wconf 81' lang='lat' dir='ltr'>Reccasio</span> <span class='ocrx_word' id='word_1_251' title='bbox 589 3075 630 3126; x_wconf 89' lang='lat' dir='ltr'>II.</span> <span class='ocrx_word' id='word_1_252' title='bbox 650 3075 741 3126; x_wconf 81' lang='lat' dir='ltr'>codd.</span> <span class='ocrx_word' id='word_1_253' title='bbox 761 3075 794 3126; x_wconf 91' lang='lat' dir='ltr'>B.</span> <span class='ocrx_word' id='word_1_254' title='bbox 815 3073 843 3124; x_wconf 78' lang='grc' dir='ltr'>Ο.</span> 
     </span>
    </p>

    <p class='ocr_par' dir='ltr' id='par_1_7' title="bbox 60 3148 1189 4024">
     <span class='ocr_line' id='line_1_33' title="bbox 62 3148 1188 3215; baseline 0.004 -16"><span class='ocrx_word' id='word_1_255' title='bbox 62 3149 130 3200; x_wconf 90' lang='lat' dir='ltr'>lum</span> <span class='ocrx_word' id='word_1_256' title='bbox 167 3164 278 3200; x_wconf 87' lang='lat' dir='ltr'>moras</span> <span class='ocrx_word' id='word_1_257' title='bbox 318 3149 455 3201; x_wconf 89' lang='lat' dir='ltr'>faciens</span> <span class='ocrx_word' id='word_1_258' title='bbox 494 3149 595 3200; x_wconf 87' lang='lat' dir='ltr'>tardius</span> <span class='ocrx_word' id='word_1_259' title='bbox 634 3154 861 3215; x_wconf 88' lang='lat' dir='ltr'>sequeretur,</span> <span class='ocrx_word' id='word_1_260' title='bbox 899 3148 1188 3203; x_wconf 79' lang='lat' dir='ltr'>Mediolanenses</span> 
     </span>
     <span class='ocr_line' id='line_1_34' title="bbox 60 3222 1188 3290; baseline 0.001 -16"><span class='ocrx_word' id='word_1_261' title='bbox 60 3223 99 3274; x_wconf 85' lang='lat' dir='ltr'>ad</span> <span class='ocrx_word' id='word_1_262' title='bbox 128 3222 181 3273; x_wconf 89' lang='lat' dir='ltr'>duo</span> <span class='ocrx_word' id='word_1_263' title='bbox 207 3239 276 3288; x_wconf 87' lang='lat' dir='ltr'>pene</span> <span class='ocrx_word' id='word_1_264' title='bbox 303 3222 376 3273; x_wconf 88' lang='lat' dir='ltr'>milia</span> <span class='ocrx_word' id='word_1_265' title='bbox 399 3224 486 3274; x_wconf 87' lang='lat' dir='ltr'>subito</span> <span class='ocrx_word' id='word_1_266' title='bbox 513 3222 527 3273; x_wconf 79' lang='grc' dir='ltr'>έ</span> <span class='ocrx_word' id='word_1_267' title='bbox 552 3224 634 3289; x_wconf 88' lang='lat' dir='ltr'>portis</span> <span class='ocrx_word' id='word_1_268' title='bbox 660 3227 810 3288; x_wconf 87' lang='lat' dir='ltr'>eruperunt,</span> <span class='ocrx_word' id='word_1_269' title='bbox 837 3228 864 3272; x_wconf 89' lang='lat' dir='ltr'>et</span> <span class='ocrx_word' id='word_1_270' title='bbox 884 3223 1047 3274; x_wconf 91' lang='lat' dir='ltr'>commisso</span> <span class='ocrx_word' id='word_1_271' title='bbox 1073 3223 1188 3290; x_wconf 87' lang='lat' dir='ltr'>prelio</span> 
     </span>
     <span class='ocr_line' id='line_1_35' title="bbox 63 3294 1186 3363; baseline 0.001 -16"><span class='ocrx_word' id='word_1_272' title='bbox 63 3297 193 3347; x_wconf 90' lang='lat' dir='ltr'>comitem</span> <span class='ocrx_word' id='word_1_273' title='bbox 220 3312 280 3346; x_wconf 89' lang='lat' dir='ltr'>cnm</span> <span class='ocrx_word' id='word_1_274' title='bbox 308 3296 441 3347; x_wconf 87' lang='lat' dir='ltr'>nonnullis</span> <span class='ocrx_word' id='word_1_275' title='bbox 472 3301 708 3363; x_wconf 88' lang='lat' dir='ltr'>peremerunt,</span> <span class='ocrx_word' id='word_1_276' title='bbox 741 3294 870 3362; x_wconf 87' lang='lat' dir='ltr'>quosdam</span> <span class='ocrx_word' id='word_1_277' title='bbox 902 3312 965 3347; x_wconf 88' lang='lat' dir='ltr'>vero</span> <span class='ocrx_word' id='word_1_278' title='bbox 998 3302 1102 3363; x_wconf 85' lang='lat' dir='ltr'>captos</span> <span class='ocrx_word' id='word_1_279' title='bbox 1128 3299 1186 3347; x_wconf 88' lang='lat' dir='ltr'>ab·</span> 
     </span>
     <span class='ocr_line' id='line_1_36' title="bbox 64 3369 1186 3435; baseline 0 -15"><span class='ocrx_word' id='word_1_280' title='bbox 64 3370 243 3420; x_wconf 87' lang='lat' dir='ltr'>duxerunt.</span> <span class='ocrx_word' id='word_1_281' title='bbox 291 3371 363 3420; x_wconf 89' lang='lat' dir='ltr'>Hac</span> <span class='ocrx_word' id='word_1_282' title='bbox 388 3371 595 3420; x_wconf 87' lang='lat' dir='ltr'>temeritate</span> <span class='ocrx_word' id='word_1_283' title='bbox 622 3385 735 3420; x_wconf 88' lang='lat' dir='ltr'>eorum</span> <span class='ocrx_word' id='word_1_284' title='bbox 760 3375 868 3419; x_wconf 88' lang='lat' dir='ltr'>motus</span> <span class='ocrx_word' id='word_1_285' title='bbox 891 3369 1045 3435; x_wconf 87' lang='lat' dir='ltr'>imperator,</span> <span class='ocrx_word' id='word_1_286' title='bbox 1072 3371 1117 3420; x_wconf 87' lang='lat' dir='ltr'>die</span> <span class='ocrx_word' id='word_1_287' title='bbox 1145 3386 1186 3422; x_wconf 90' lang='lat' dir='ltr'>se·</span> 
     </span>
     <span class='ocr_line' id='line_1_37' title="bbox 63 3443 1189 3510; baseline 0.001 -17"><span class='ocrx_word' id='word_1_288' title='bbox 63 3444 160 3510; x_wconf 87' lang='lat' dir='ltr'>quenti</span> <span class='ocrx_word' id='word_1_289' title='bbox 179 3459 239 3493; x_wconf 91' lang='lat' dir='ltr'>cum</span> <span class='ocrx_word' id='word_1_290' title='bbox 259 3444 332 3493; x_wconf 90' lang='lat' dir='ltr'>omni</span> <span class='ocrx_word' id='word_1_291' title='bbox 351 3444 469 3494; x_wconf 89' lang='lat' dir='ltr'>exercitu</span> <span class='ocrx_word' id='word_1_292' title='bbox 494 3444 535 3493; x_wconf 88' lang='lat' dir='ltr'>ad</span> <span class='ocrx_word' id='word_1_293' title='bbox 560 3443 639 3493; x_wconf 89' lang='lat' dir='ltr'>loca</span> <span class='ocrx_word' id='word_1_294' title='bbox 670 3448 858 3494; x_wconf 87' lang='lat' dir='ltr'>castrorum</span> <span class='ocrx_word' id='word_1_295' title='bbox 883 3443 1008 3505; x_wconf 87' lang='lat' dir='ltr'>accessit,</span> <span class='ocrx_word' id='word_1_296' title='bbox 1035 3448 1061 3493; x_wconf 88' lang='lat' dir='ltr'>et</span> <span class='ocrx_word' id='word_1_297' title='bbox 1090 3445 1189 3494; x_wconf 83' lang='lat' dir='ltr'>excisis</span> 
     </span>
     <span class='ocr_line' id='line_1_38' title="bbox 63 3515 1187 3582; baseline -0.002 -15"><span class='ocrx_word' id='word_1_298' title='bbox 63 3517 155 3567; x_wconf 86' lang='lat' dir='ltr'>vineis</span> <span class='ocrx_word' id='word_1_299' title='bbox 180 3531 251 3582; x_wconf 87' lang='lat' dir='ltr'>quae</span> <span class='ocrx_word' id='word_1_300' title='bbox 280 3517 309 3566; x_wconf 92' lang='lat' dir='ltr'>in</span> <span class='ocrx_word' id='word_1_301' title='bbox 335 3518 447 3567; x_wconf 87' lang='lat' dir='ltr'>circuitu</span> <span class='ocrx_word' id='word_1_302' title='bbox 480 3517 640 3567; x_wconf 88' lang='lat' dir='ltr'>civitatis</span> <span class='ocrx_word' id='word_1_303' title='bbox 661 3522 743 3578; x_wconf 86' lang='lat' dir='ltr'>erant,</span> <span class='ocrx_word' id='word_1_304' title='bbox 767 3517 854 3582; x_wconf 86' lang='lat' dir='ltr'>ipsam</span> <span class='ocrx_word' id='word_1_305' title='bbox 879 3515 1021 3567; x_wconf 86' lang='lat' dir='ltr'>obsidione</span> <span class='ocrx_word' id='word_1_306' title='bbox 1049 3516 1111 3567; x_wconf 83' lang='lat' dir='ltr'>lorti</span> <span class='ocrx_word' id='word_1_307' title='bbox 1137 3517 1187 3566; x_wconf 88' lang='lat' dir='ltr'>cir-</span> 
     </span>
     <span class='ocr_line' id='line_1_39' title="bbox 65 3583 1187 3656; baseline -0.001 -15"><span class='ocrx_word' id='word_1_308' title='bbox 65 3589 212 3641; x_wconf 86' lang='lat' dir='ltr'>cumdedit.</span> <span class='ocrx_word' id='word_1_309' title='bbox 254 3588 322 3640; x_wconf 78' lang='lat' dir='ltr'>Cum</span> <span class='ocrx_word' id='word_1_310' title='bbox 342 3605 407 3656; x_wconf 84' lang='lat' dir='ltr'>ergo</span> <span class='ocrx_word' id='word_1_311' title='bbox 426 3583 485 3641; x_wconf 75' lang='lat' dir='ltr'>sicr</span> <span class='ocrx_word' id='word_1_312' title='bbox 504 3586 722 3640; x_wconf 86' lang='lat' dir='ltr'>Mediolanenses</span> <span class='ocrx_word' id='word_1_313' title='bbox 741 3588 844 3640; x_wconf 84' lang='lat' dir='ltr'>obsessi</span> <span class='ocrx_word' id='word_1_314' title='bbox 864 3594 968 3652; x_wconf 87' lang='lat' dir='ltr'>esseut,</span> <span class='ocrx_word' id='word_1_315' title='bbox 993 3589 1109 3655; x_wconf 86' lang='lat' dir='ltr'>quadam</span> <span class='ocrx_word' id='word_1_316' title='bbox 1129 3589 1187 3654; x_wconf 90' lang='lat' dir='ltr'>die,</span> 
     </span>
     <span class='ocr_line' id='line_1_40' title="bbox 65 3662 1189 3730; baseline 0.001 -17"><span class='ocrx_word' id='word_1_317' title='bbox 65 3663 189 3730; x_wconf 70' lang='lat' dir='ltr'>quietius</span> <span class='ocrx_word' id='word_1_318' title='bbox 209 3664 364 3726; x_wconf 85' lang='lat' dir='ltr'>cesarianis,</span> <span class='ocrx_word' id='word_1_319' title='bbox 384 3679 458 3713; x_wconf 87' lang='lat' dir='ltr'>arma</span> <span class='ocrx_word' id='word_1_320' title='bbox 478 3665 624 3729; x_wconf 87' lang='lat' dir='ltr'>corripiunt</span> <span class='ocrx_word' id='word_1_321' title='bbox 636 3668 664 3712; x_wconf 89' lang='lat' dir='ltr'>et</span> <span class='ocrx_word' id='word_1_322' title='bbox 677 3677 691 3712; x_wconf 90' lang='lat' dir='ltr'>e</span> <span class='ocrx_word' id='word_1_323' title='bbox 705 3663 788 3714; x_wconf 90' lang='lat' dir='ltr'>tribus</span> <span class='ocrx_word' id='word_1_324' title='bbox 801 3663 884 3728; x_wconf 89' lang='lat' dir='ltr'>portis</span> <span class='ocrx_word' id='word_1_325' title='bbox 898 3662 1027 3713; x_wconf 85' lang='lat' dir='ltr'>audacter</span> <span class='ocrx_word' id='word_1_326' title='bbox 1041 3669 1189 3728; x_wconf 84' lang='lat' dir='ltr'>erumpunt,</span> 
     </span>
     <span class='ocr_line' id='line_1_41' title="bbox 65 3732 1188 3802; baseline -0.002 -14"><span class='ocrx_word' id='word_1_327' title='bbox 65 3753 100 3788; x_wconf 85' lang='lat' dir='ltr'>ax</span> <span class='ocrx_word' id='word_1_328' title='bbox 118 3752 173 3787; x_wconf 86' lang='lat' dir='ltr'>una</span> <span class='ocrx_word' id='word_1_329' title='bbox 192 3736 299 3787; x_wconf 90' lang='lat' dir='ltr'>scilicet</span> <span class='ocrx_word' id='word_1_330' title='bbox 316 3736 362 3787; x_wconf 87' lang='lat' dir='ltr'>ubi</span> <span class='ocrx_word' id='word_1_331' title='bbox 381 3732 569 3802; x_wconf 84' lang='lat' dir='ltr'>imperatorish</span> <span class='ocrx_word' id='word_1_332' title='bbox 591 3742 680 3787; x_wconf 82' lang='lat' dir='ltr'>eastra</span> <span class='ocrx_word' id='word_1_333' title='bbox 700 3741 783 3798; x_wconf 87' lang='lat' dir='ltr'>erant,</span> <span class='ocrx_word' id='word_1_334' title='bbox 804 3751 836 3785; x_wconf 89' lang='lat' dir='ltr'>ex</span> <span class='ocrx_word' id='word_1_335' title='bbox 856 3735 911 3785; x_wconf 89' lang='lat' dir='ltr'>alia</span> <span class='ocrx_word' id='word_1_336' title='bbox 928 3735 974 3786; x_wconf 93' lang='lat' dir='ltr'>ubi</span> <span class='ocrx_word' id='word_1_337' title='bbox 994 3751 1040 3786; x_wconf 84' lang='lat' dir='ltr'>rex</span> <span class='ocrx_word' id='word_1_338' title='bbox 1058 3737 1188 3788; x_wconf 86' lang='lat' dir='ltr'>Boemiae</span> 
     </span>
     <span class='ocr_line' id='line_1_42' title="bbox 66 3807 1188 3874; baseline -0.004 -12"><span class='ocrx_word' id='word_1_339' title='bbox 66 3810 239 3871; x_wconf 85' lang='lat' dir='ltr'>observabat,</span> <span class='ocrx_word' id='word_1_340' title='bbox 259 3826 292 3860; x_wconf 81' lang='lat' dir='ltr'>ex</span> <span class='ocrx_word' id='word_1_341' title='bbox 311 3810 396 3860; x_wconf 88' lang='lat' dir='ltr'>tercia</span> <span class='ocrx_word' id='word_1_342' title='bbox 418 3810 465 3861; x_wconf 88' lang='lat' dir='ltr'>ubi</span> <span class='ocrx_word' id='word_1_343' title='bbox 485 3812 538 3861; x_wconf 84' lang='lat' dir='ltr'>dux</span> <span class='ocrx_word' id='word_1_344' title='bbox 564 3810 697 3860; x_wconf 84' lang='lat' dir='ltr'>Saxoniae</span> <span class='ocrx_word' id='word_1_345' title='bbox 723 3815 787 3860; x_wconf 87' lang='lat' dir='ltr'>erat.</span> <span class='ocrx_word' id='word_1_346' title='bbox 827 3807 1003 3859; x_wconf 81' lang='lat' dir='ltr'>Commissum</span> <span class='ocrx_word' id='word_1_347' title='bbox 1030 3814 1071 3861; x_wconf 87' lang='lat' dir='ltr'>est</span> <span class='ocrx_word' id='word_1_348' title='bbox 1095 3811 1188 3874; x_wconf 87' lang='lat' dir='ltr'>itaque</span> 
     </span>
     <span class='ocr_line' id='line_1_43' title="bbox 67 3881 1187 3950; baseline -0.002 -16"><span class='ocrx_word' id='word_1_349' title='bbox 67 3900 151 3950; x_wconf 82' lang='lat' dir='ltr'>grave</span> <span class='ocrx_word' id='word_1_350' title='bbox 185 3883 315 3950; x_wconf 83' lang='lat' dir='ltr'>prelium,</span> <span class='ocrx_word' id='word_1_351' title='bbox 348 3885 493 3934; x_wconf 82' lang='lat' dir='ltr'>cesarianis</span> <span class='ocrx_word' id='word_1_352' title='bbox 528 3899 576 3949; x_wconf 89' lang='lat' dir='ltr'>pro</span> <span class='ocrx_word' id='word_1_353' title='bbox 605 3882 708 3946; x_wconf 86' lang='lat' dir='ltr'>gloria,</span> <span class='ocrx_word' id='word_1_354' title='bbox 742 3881 991 3933; x_wconf 81' lang='lat' dir='ltr'>Mediolanensibus</span> <span class='ocrx_word' id='word_1_355' title='bbox 1024 3898 1072 3948; x_wconf 86' lang='lat' dir='ltr'>pro</span> <span class='ocrx_word' id='word_1_356' title='bbox 1100 3881 1187 3932; x_wconf 87' lang='lat' dir='ltr'>salute</span> 
     </span>
     <span class='ocr_line' id='line_1_44' title="bbox 67 3951 1186 4024; baseline -0.002 -16"><span class='ocrx_word' id='word_1_357' title='bbox 67 3957 257 4024; x_wconf 79' lang='lat' dir='ltr'>pugnantibus.</span> <span class='ocrx_word' id='word_1_358' title='bbox 284 3957 357 4008; x_wconf 89' lang='lat' dir='ltr'>Victi</span> <span class='ocrx_word' id='word_1_359' title='bbox 367 3961 428 4008; x_wconf 88' lang='lat' dir='ltr'>sunt</span> <span class='ocrx_word' id='word_1_360' title='bbox 437 3957 545 4007; x_wconf 85' lang='lat' dir='ltr'>tandem</span> <span class='ocrx_word' id='word_1_361' title='bbox 557 3956 774 4006; x_wconf 87' lang='lat' dir='ltr'>Mediolanenses</span> <span class='ocrx_word' id='word_1_362' title='bbox 785 3960 812 4006; x_wconf 91' lang='lat' dir='ltr'>et</span> <span class='ocrx_word' id='word_1_363' title='bbox 821 3951 862 4005; x_wconf 84' lang='lat' dir='ltr'>ini</span> <span class='ocrx_word' id='word_1_364' title='bbox 882 3955 975 4006; x_wconf 86' lang='lat' dir='ltr'>urbem</span> <span class='ocrx_word' id='word_1_365' title='bbox 986 3954 1073 4004; x_wconf 84' lang='lat' dir='ltr'>redire</span> <span class='ocrx_word' id='word_1_366' title='bbox 1089 3957 1186 4006; x_wconf 88' lang='lat' dir='ltr'>eoacti.</span> 
     </span>
    </p>

    <p class='ocr_par' dir='ltr' id='par_1_8' title="bbox 67 4025 1188 4243">
     <span class='ocr_line' id='line_1_45' title="bbox 140 4025 1187 4097; baseline -0.002 -17"><span class='ocrx_word' id='word_1_367' title='bbox 140 4031 215 4096; x_wconf 87' lang='lat' dir='ltr'>Ergo</span> <span class='ocrx_word' id='word_1_368' title='bbox 235 4046 282 4097; x_wconf 88' lang='lat' dir='ltr'>per</span> <span class='ocrx_word' id='word_1_369' title='bbox 301 4025 425 4096; x_wconf 72' lang='lat' dir='ltr'>aliquotk</span> <span class='ocrx_word' id='word_1_370' title='bbox 450 4036 584 4097; x_wconf 86' lang='lat' dir='ltr'>tempus</span> <span class='ocrx_word' id='word_1_371' title='bbox 609 4030 649 4080; x_wconf 90' lang='lat' dir='ltr'>sic</span> <span class='ocrx_word' id='word_1_372' title='bbox 668 4029 799 4089; x_wconf 88' lang='lat' dir='ltr'>obsessis,</span> <span class='ocrx_word' id='word_1_373' title='bbox 824 4026 994 4078; x_wconf 87' lang='lat' dir='ltr'>multitudine</span> <span class='ocrx_word' id='word_1_374' title='bbox 1013 4027 1187 4079; x_wconf 82' lang='lat' dir='ltr'>ruricolarum</span> 
     </span>
     <span class='ocr_line' id='line_1_46' title="bbox 67 4101 1188 4172; baseline -0.003 -18"><span class='ocrx_word' id='word_1_375' title='bbox 67 4105 138 4156; x_wconf 89' lang='lat' dir='ltr'>intus</span> <span class='ocrx_word' id='word_1_376' title='bbox 158 4102 330 4170; x_wconf 86' lang='lat' dir='ltr'>conglobata,</span> <span class='ocrx_word' id='word_1_377' title='bbox 351 4119 411 4154; x_wconf 88' lang='lat' dir='ltr'>cum</span> <span class='ocrx_word' id='word_1_378' title='bbox 431 4103 558 4153; x_wconf 86' lang='lat' dir='ltr'>animalia</span> <span class='ocrx_word' id='word_1_379' title='bbox 577 4102 612 4152; x_wconf 85' lang='lat' dir='ltr'>ad</span> <span class='ocrx_word' id='word_1_380' title='bbox 631 4118 731 4169; x_wconf 85' lang='lat' dir='ltr'>pascua</span> <span class='ocrx_word' id='word_1_381' title='bbox 751 4103 823 4172; x_wconf 74' lang='lat' dir='ltr'>exirq</span> <span class='ocrx_word' id='word_1_382' title='bbox 842 4102 993 4167; x_wconf 88' lang='lat' dir='ltr'>nequirent,</span> <span class='ocrx_word' id='word_1_383' title='bbox 1011 4101 1080 4152; x_wconf 89' lang='lat' dir='ltr'>fetor</span> <span class='ocrx_word' id='word_1_384' title='bbox 1092 4103 1188 4167; x_wconf 86' lang='lat' dir='ltr'>ingens</span> 
     </span>
     <span class='ocr_line' id='line_1_47' title="bbox 67 4175 1187 4243; baseline -0.004 -15"><span class='ocrx_word' id='word_1_385' title='bbox 67 4179 95 4228; x_wconf 91' lang='lat' dir='ltr'>in</span> <span class='ocrx_word' id='word_1_386' title='bbox 114 4178 180 4228; x_wconf 87' lang='lat' dir='ltr'>urbe</span> <span class='ocrx_word' id='word_1_387' title='bbox 199 4176 341 4243; x_wconf 76' lang='lat' dir='ltr'>prevaluit.</span> <span class='ocrx_word' id='word_1_388' title='bbox 381 4176 588 4228; x_wconf 83' lang='lat' dir='ltr'>Considerantes</span> <span class='ocrx_word' id='word_1_389' title='bbox 607 4191 714 4241; x_wconf 86' lang='lat' dir='ltr'>quoque</span> <span class='ocrx_word' id='word_1_390' title='bbox 732 4175 952 4227; x_wconf 86' lang='lat' dir='ltr'>Mediolanenses</span> <span class='ocrx_word' id='word_1_391' title='bbox 971 4189 1141 4241; x_wconf 90' lang='lat' dir='ltr'>nequaquam</span> <span class='ocrx_word' id='word_1_392' title='bbox 1158 4191 1187 4225; x_wconf 88' lang='lat' dir='ltr'>se</span> 
     </span>
    </p>
   </div>
   <div class='ocr_carea' id='block_1_7' title="bbox 68 4280 1188 4459">
    <p class='ocr_par' dir='ltr' id='par_1_9' title="bbox 68 4280 1188 4459">
     <span class='ocr_line' id='line_1_48' title="bbox 68 4280 1187 4338; baseline -0.001 -10"><span class='ocrx_word' id='word_1_393' title='bbox 68 4286 339 4338; x_wconf 78' lang='lat' dir='ltr'>s)...senseruntA1.</span> <span class='ocrx_word' id='word_1_394' title='bbox 390 4284 577 4336; x_wconf 76' lang='lat' dir='ltr'>b)M.steA1.</span> <span class='ocrx_word' id='word_1_395' title='bbox 629 4284 877 4338; x_wconf 81' lang='lat' dir='ltr'>c)arripuoruntA1.</span> <span class='ocrx_word' id='word_1_396' title='bbox 937 4280 960 4335; x_wconf 87' lang='lat' dir='ltr'>d)</span> <span class='ocrx_word' id='word_1_397' title='bbox 977 4285 992 4324; x_wconf 89' lang='lat' dir='ltr'>i.</span> <span class='ocrx_word' id='word_1_398' title='bbox 1009 4295 1064 4326; x_wconf 71' lang='lat' dir='ltr'>ee.</span> <span class='ocrx_word' id='word_1_399' title='bbox 1082 4293 1148 4325; x_wconf 81' lang='lat' dir='ltr'>exa.</span> <span class='ocrx_word' id='word_1_400' title='bbox 1164 4294 1187 4327; x_wconf 87' lang='lat' dir='ltr'>u.</span> 
     </span>
     <span class='ocr_line' id='line_1_49' title="bbox 68 4341 1188 4397; baseline -0.007 -10"><span class='ocrx_word' id='word_1_401' title='bbox 68 4347 177 4388; x_wconf 56' lang='grc' dir='ltr'>ΜΗ,</span> <span class='ocrx_word' id='word_1_402' title='bbox 231 4344 253 4397; x_wconf 88' lang='lat' dir='ltr'>e)</span> <span class='ocrx_word' id='word_1_403' title='bbox 269 4343 393 4385; x_wconf 81' lang='lat' dir='ltr'>obsisAl.</span> <span class='ocrx_word' id='word_1_404' title='bbox 424 4359 453 4378; x_wconf 98' lang='lat'><em>=</em></span> <span class='ocrx_word' id='word_1_405' title='bbox 483 4341 723 4396; x_wconf 57' lang='lat' dir='ltr'>nimietatem.</span> <span class='ocrx_word' id='word_1_406' title='bbox 783 4341 942 4395; x_wconf 57' lang='lat' dir='ltr'>gldssstcls</span> <span class='ocrx_word' id='word_1_407' title='bbox 993 4341 1188 4395; x_wconf 74' lang='lat' dir='ltr'>ir)c.imp.02.</span> 
     </span>
     <span class='ocr_line' id='line_1_50' title="bbox 68 4402 449 4459; baseline 0 -15"><span class='ocrx_word' id='word_1_408' title='bbox 68 4405 84 4459; x_wconf 89' lang='lat' dir='ltr'>i)</span> <span class='ocrx_word' id='word_1_409' title='bbox 100 4407 130 4448; x_wconf 80' lang='lat' dir='ltr'>ad</span> <span class='ocrx_word' id='word_1_410' title='bbox 147 4406 192 4447; x_wconf 74' lang='lat'>02.</span> <span class='ocrx_word' id='word_1_411' title='bbox 254 4402 280 4456; x_wconf 83' lang='lat' dir='ltr'>k)</span> <span class='ocrx_word' id='word_1_412' title='bbox 297 4403 392 4452; x_wconf 83' lang='lat' dir='ltr'>aliquod</span> <span class='ocrx_word' id='word_1_413' title='bbox 408 4403 449 4444; x_wconf 67' lang='grc' dir='ltr'>Οἳ.</span> 
     </span>
    </p>
   </div>
   <div class='ocr_carea' id='block_1_8' title="bbox 911 4473 954 4534">
    <p class='ocr_par' dir='ltr' id='par_1_10' title="bbox 911 4473 954 4534">
     <span class='ocr_line' id='line_1_51' title="bbox 911 4473 954 4534; baseline 0 -27"><span class='ocrx_word' id='word_1_414' title='bbox 911 4473 954 4534; x_wconf 56' lang='grc' dir='ltr'>μ</span> 
     </span>
    </p>
   </div>
   <div class='ocr_carea' id='block_1_9' title="bbox 920 4611 1239 4764">
    <p class='ocr_par' dir='ltr' id='par_1_11' title="bbox 920 4611 1239 4764">
     <span class='ocr_line' id='line_1_52' title="bbox 920 4611 1239 4764; baseline 0.094 -41"><span class='ocrx_word' id='word_1_415' title='bbox 920 4611 1239 4764; x_wconf 85' lang='lat' dir='ltr'>601365a</span> 
     </span>
    </p>
   </div>
   <div class='ocr_carea' id='block_1_10' title="bbox 0 0 1490 4996">
    <p class='ocr_par' dir='ltr' id='par_1_12' title="bbox 0 0 1490 4996">
     <span class='ocr_line' id='line_1_53' title="bbox 0 0 1490 4996; baseline 0 0"><span class='ocrx_word' id='word_1_416' title='bbox 0 0 1490 4996; x_wconf 95' lang='lat' dir='ltr'> </span> 
     </span>
    </p>
   </div>
  </div>
 </body>
</html>
