2934 4998
292 367 345 416 240
393 367 581 420 eunomus
601 367 714 418 anum
728 365 982 419 COLONIENSIS.
1003 366 1106 420 CONT.
1118 369 1171 421 111.
1192 369 1224 420 A.
1236 370 1313 421 1217.

668 544 833 596 Rcccuaio
854 545 880 595 Ι.
900 552 930 595 ct
949 544 991 597 II.

291 611 333 676 ad
356 622 485 700 portum
500 611 623 678 Phare¹
647 615 680 676 in
702 633 801 700 regno
822 611 1024 698 Legionensi.
1068 613 1121 677 Ibi
1141 635 1240 677 naves
1260 613 1294 676 in
1315 622 1418 699 portu

291 697 371 762 relin
394 710 523 780 nentes,
545 708 657 783 petunt
678 697 789 762 limina
809 695 941 782 gloriosi
969 697 1103 784 apostoli
1124 697 1235 762 Iacobi
1267 697 1300 760 in
1327 695 1417 761 (lon-

292 721 437 932 postdla.
486 781 567 846 Item
597 782 713 870 prefati
739 803 834 846 eruce
861 781 977 866 signati
1004 784 1036 846 in
1065 782 1216 868 martyrio
1244 781 1417 846 beatorum
1453 793 1455 800 ’

189 893 284 935 aare,
320 869 379 932 etri
401 879 433 933 et
453 864 547 933 Pauli
568 888 666 932 naves
686 867 815 946 intrant,
839 887 926 931 mare
947 865 1138 949 ascendunt3
1160 865 1217 930 ubi
1245 877 1314 930 orta
1333 873 1418 930 tem·

206 971 249 1012 ru.
260 973 282 1012 a.
316 962 416 1018 estate
428 951 604 1034 sevissima,
617 960 783 1037 separatae
799 960 873 1014 sunt
887 971 985 1014 naves
997 953 1026 1016 6.
1038 951 1148 1014 Nonas
1159 949 1242 1032 Iulii,
1258 959 1291 1016 et
1305 970 1417 1014 comes

327 1035 484 1102 ollandiae
511 1045 660 1124 portum¹
686 1035 778 1120 petiit
806 1056 879 1098 cum
907 1033 1052 1120 pluribus
1082 1034 1218 1100 navibus
1234 1035 1283 1098 ‘in
1311 1056 1417 1119 regno

291 1120 551 1207 Portugalenser,
573 1122 606 1184 in
635 1120 725 1184 cuius
752 1119 884 1183 introitu
912 1129 976 1184 tres
997 1141 1098 1184 naves
1119 1119 1302 1184 confractae
1323 1126 1418 1199 sunt,

292 1226 399 1269 comes
426 1227 503 1270 vero
532 1205 573 1270 dc
601 1203 698 1270 Wide
727 1224 800 1267 cum
822 1201 892 1267 aliis
914 1202 1051 1268 navibus
1077 1202 1257 1289 reliquuml
1283 1203 1420 1267 intravit

197 1298 422 1374 aaraportnm
453 1291 487 1353 in
517 1289 631 1354 eodem
666 1309 775 1373 reguo.
834 1286 913 1352 lnde
941 1287 1125 1353 recedentes
1154 1289 1184 1356 6.
1212 1286 1291 1351 Idus
1322 1286 1419 1366 Iulii,

195 1401 237 1442 aa.
248 1402 282 1442 11.
293 1375 441 1458 proxima
470 1374 615 1460 sequenti
643 1372 724 1437 feria
755 1382 883 1459 portum
911 1373 1029 1436 intrant
1054 1371 1335 1452 Ulixibonensem3
1367 1379 1421 1435 est

295 1457 380 1521 enim
410 1455 586 1522 Ulixibona
615 1458 728 1522 civitas
760 1456 890 1542 optima,
913 1457 1033 1542 optime
1055 1459 1124 1539 sita,
1152 1457 1186 1520 in
1211 1477 1249 1521 eo
1274 1455 1421 1520 scilicet⁶

294 1539 365 1605 loco
381 1542 436 1607 ubi
451 1542 607 1608 auriferus
622 1542 733 1628 Tagus
754 1541 836 1605 mari
851 1561 990 1605 occeano
1006 1540 1185 1627 copulatur.
1218 1539 1313 1604 Hane
1327 1540 1417 1605 enim

292 1626 451 1690 civitatem
475 1625 636 1714 quondam
659 1626 839 1690 construxit
859 1624 983 1705 Ulixes,
1005 1647 1077 1690 cum
1099 1626 1231 1689 aTroia
1248 1635 1324 1708 post
1344 1627 1419 1688 eius

293 1708 542 1775 destructionem
564 1712 707 1791 recessit3
730 1710 819 1809 prius
836 1711 921 1774 enim
940 1708 1060 1774 ibidem
1075 1711 1241 1774 invenerat
1253 1707 1419 1774 Achillem

292 1794 375 1858 inter
405 1793 487 1859 filias
514 1794 708 1882 Lycomedis
739 1816 773 1857 m
804 1803 893 1858 veste
924 1792 1073 1858 muliebri
1104 1794 1265 1859 latentem.
1320 1793 1419 1858 Nunc

293 1891 400 1943 autem
414 1879 481 1944 ibi‘¹
496 1889 666 1944 veneratur
681 1900 797 1977 corpus
812 1878 897 1943 beati
911 1877 1071 1943 Vincentii
1084 1877 1201 1944 levitae
1217 1889 1250 1944 et
1263 1879 1417 1944 martiris.

293 1961 377 2027 Cum
398 1965 507 2050 itaque
529 1963 607 2028 dicti
630 1962 844 2048 cruoesrgnati
864 1984 923 2047 per
944 1962 1068 2048 aliquot
1094 1963 1161 2029 dies
1190 1963 1224 2026 in
1254 1962 1316 2027 hoc
1342 1962 1417 2028 loco

292 2059 501 2131 morarentur,
524 2057 746 2133 exspectantes
762 2044 839 2110 alias
854 2068 952 2111 naves
967 2068 1041 2112 cum
1081 2047 1174 2112 uibus
1192 2047 1417 2130 condixerant,

292 2144 497 2196 accesserunt
508 2132 550 2196 ad
561 2154 616 2198 eos
630 2131 779 2197 Severius
795 2131 965 2217 episcopus
975 2068 1257 2214 Ulixibonensis,e
1282 2132 1417 2218 iscopus

292 2214 489 2299 Elborensis,
501 2217 657 2280 Martinus
680 2215 920 2279 commendator
942 2213 1078 2280 miliciae
1100 2218 1140 2282 de
1155 2154 1307 2299 Palmela,
1319 2217 1417 2281 Tem-

291 2297 396 2384 plarii,
417 2300 628 2386 Hospitalarii
649 2322 723 2363 cum
751 2297 822 2363 aliis
844 2297 1005 2364 nobilibus
1027 2300 1242 2388 Portugaliae,
1271 2324 1346 2366 suas
1369 2303 1416 2366 eis

293 2385 459 2449 continuas
480 2383 700 2449 tribulationes
723 2393 755 2447 et
776 2385 941 2468 angustias
969 2406 1010 2447 ex
1037 2386 1136 2449 nimia
1163 2385 1281 2450 vicinia
1304 2385 1417 2451 Sarra·

293 2487 443 2532 cenorum
467 2467 636 2555 queruloso
659 2491 696 2532 ao
725 2467 971 2534 lamentabiliter
993 2470 1207 2554 exponebant,
1224 2480 1414 2552 asserentes,

293 2564 432 2616 castrum
455 2553 618 2640 quoddam
641 2575 710 2618 esse
732 2553 765 2615 in
787 2551 908 2616 foribus
937 2553 1082 2638 ipsorum
1109 2575 1129 2617 a
1151 2554 1337 2620 Sarracenis
1367 2556 1414 2618 in-

292 2634 471 2700 habitatum
492 2639 642 2702 nomine⁰
663 2635 808 2718 Alchaz³,
831 2657 852 2698 a
874 2657 936 2722 quo
952 2636 1028 2702 clim
1042 2637 1155 2703 fratres
1171 2640 1225 2725 qui
1240 2638 1280 2703 de
1293 2638 1414 2704 Gladio

291 2718 493 2806 appellantur
524 2731 599 2785 sunt
630 2721 722 2786 eiecti
756 2730 789 2785 et
820 2721 987 2805 captivati,
1018 2720 1173 2788 addentes
1204 2724 1315 2804 etiam,
1353 2722 1416 2788 hoc

292 2814 432 2869 castrum
454 2806 487 2868 in
509 2807 662 2891 pensione
686 2807 747 2869 100
768 2804 1012 2869 christianorum
1029 2829 1086 2870 suo
1102 2808 1170 2892 regi
1189 2807 1229 2872 de
1244 2806 1416 2872 Marrochr

292 2888 425 2973 singulis
447 2894 538 2954 annis
560 2890 628 2955 fore
650 2888 837 2974 obligatum.
889 2889 1007 2975 Sicque
1037 2892 1205 2976 petierunt,
1232 2902 1268 2954 ut
1295 2892 1415 2956 intuitu

292 2970 481 3037 christianae
503 2974 667 3060 religionis
689 2974 730 3039 ab
752 2971 865 3036 incolis
894 2972 990 3037 huius
1016 2972 1079 3038 loci
1104 2973 1211 3040 valida
1231 2997 1333 3040 manu
1359 2997 1414 3040 eos

292 3055 500 3142 dignarentur
519 3057 665 3138 liberare,
689 3079 761 3121 cum
784 3057 846 3120 hoc
867 3067 1006 3121 castrum
1035 3068 1119 3122 esset
1146 3058 1244 3124 clavis
1273 3069 1304 3124 et
1326 3069 1414 3124 ante-

291 3140 414 3205 murale
435 3143 537 3208 tocius
560 3144 675 3207 erroris
696 3141 894 3227 Hyspaniae.
945 3142 990 3205 At
1010 3141 1089 3207 dicti
1118 3145 1249 3209 comites
1277 3143 1413 3208 consilio

292 3246 365 3289 cum
382 3226 527 3302 discretis
548 3226 667 3307 habito,
690 3226 889 3290 attendentes
911 3227 997 3290 viam
1011 3229 1109 3292 maris
1129 3250 1170 3292 ex
1184 3226 1414 3314 inequalitatess

291 3312 444 3396 temporis
474 3313 519 3376 eis
548 3334 617 3376 esse
644 3308 836 3438 preclusam,
859 3321 890 3375 et
911 3312 1106 3395 presentiam
1127 3312 1271 3398 ipsorum
1293 3313 1414 3378 Terrae

293 3394 430 3460 Sanctae
445 3396 549 3460 minus
571 3396 638 3460 fore
675 3393 796 3474 utilem,
819 3396 959 3458 maxime
982 3416 1056 3459 oum
1071 3396 1290 3460 Romanorum
1304 3420 1365 3463 rex
1381 3405 1412 3462 et

291 3478 428 3542 Romani
444 3500 517 3542 cum
533 3479 639 3544 multis
653 3477 855 3565 principibus
870 3477 1080 3553 Alamanniae
1099 3479 1159 3544 hoc
1180 3492 1325 3566 tempore
1347 3503 1412 3546 non

290 3572 461 3644 transeant,
484 3562 647 3662 elegerunt
668 3565 776 3649 potius
798 3564 830 3626 in
853 3562 1006 3648 obsequio
1022 3563 1131 3628 divino
1146 3564 1252 3629 medio
1268 3576 1412 3651 tempore

290 3645 440 3710 insudare
473 3657 505 3711 et
535 3649 738 3711 mimicorum
769 3646 857 3711 fideii
884 3647 965 3711 fines
991 3648 1161 3731 invadere,
1195 3671 1292 3735 quam
1324 3649 1412 3736 apud

290 3729 397 3794 locum
412 3729 453 3794 ali
478 3753 551 3794 uem
567 3731 761 3830 quiescendo
777 3739 940 3818 tamqnam
956 3732 1040 3798 servi
1055 3731 1184 3798 inutiles
1200 3735 1270 3798 ocio
1286 3756 1410 3801 vacare.

292 3814 346 3878 Sic
370 3837 410 3879 ue
439 3753 481 3880 ad
513 3814 725 3880 obsrdendum
754 3815 914 3914 prefatum
942 3825 1082 3882 castrum
1114 3818 1332 3903 conspiratum
1355 3829 1409 3884 est

290 3899 341 3963 Ab
387 3922 425 3964 oc
446 3901 554 3986 itaque
575 3899 658 3964 facto
680 3897 811 3985 plurrmr
840 3899 1077 3986 discordabant,
1107 3912 1139 3967 et
1167 3903 1308 3967 maxime
1336 3903 1410 3968 Fre·

195 3985 414 4065 rarasonesl,
438 3984 493 4070 qui
520 3984 670 4068 proxima
699 3986 844 4070 sequenti
870 3984 948 4050 feria
976 3996 1050 4072 post
1083 3985 1200 4051 festum
1230 3986 1342 4051 iacobi
1368 3987 1407 4051 ab

289 4109 313 4161 a)
328 4109 490 4151 Portubilense
506 4122 563 4152 corr.
579 4109 697 4158 Portugal.
714 4111 763 4153 Bt.
838 4109 862 4163 b)
878 4113 910 4152 ita
931 4115 991 4154 codd.
998 4125 1006 4162 ,¹
1027 4124 1078 4154 cum
1100 4115 1197 4164 reliquls
1219 4115 1317 4155 navibus
1333 4115 1349 4155 t.
1365 4115 1408 4158 Bel.

290 4168 311 4219 c)
327 4174 375 4218 post
390 4172 461 4220 suppl.
478 4171 498 4208 B
508 4173 527 4212 l.
605 4167 627 4218 d)
644 4169 700 4208 oeae
717 4171 759 4211 01.
835 4170 856 4221 e)
873 4183 895 4214 11.
910 4172 937 4216 Α,
951 4174 1025 4223 prima
1040 4184 1106 4212 manu
1122 4175 1146 4214 ia
1161 4175 1258 4223 moratae
1273 4175 1345 4224 suppl.
1360 4174 1405 4216 Bl.

289 4227 472 4279 nMarochol.
502 4227 717 4280 mequanuteol.
749 4226 915 4280 mousom.
945 4231 1152 4284 t)flnasflde101.
1185 4233 1405 4283 ammonemus.

292 4322 319 4389 1)
337 4324 419 4376 Vaces
435 4324 598 4378 iuGollicio.
619 4325 650 4377 P.
670 4324 712 4376 De
731 4325 826 4378 Ferrol
844 4326 965 4394 cogitavit
982 4325 1039 4380 PL.
1077 4325 1108 4394 2)
1131 4326 1246 4394 oporto?
1283 4326 1313 4396 3)
1327 4329 1407 4383 Alcon

289 4396 394 4448 Relatio
413 4398 432 4449 l.
452 4399 471 4450 Ζ.
486 4415 512 4463 p.
534 4400 602 4458 41a;
622 4400 733 4450 Alcocer
752 4399 785 4451 do
805 4397 860 4452 Sol.
