2970 4996
229 415 415 472 OHROMIOA
435 417 809 471 11111101011111111
829 419 863 471 Α.
886 417 965 472 itta.
986 418 1065 471 1160.
1160 421 1214 472 ios

461 593 630 645 Recensio
650 592 675 646 Ι.
695 593 786 644 codd.
805 591 838 644 A.

112 699 208 742 enere
243 677 420 761 oulentns,
454 679 534 744 adeo
567 688 624 744 uti
650 678 836 743 Brixienses
865 678 911 743 ibi
966 678 1015 744 lus
1049 702 1147 766 quam
1179 680 1212 743 in

89 698 249 826 01111111
272 765 376 827 nciam
397 763 561 846 haberent,
584 774 624 843 et,
647 772 683 826 ut
705 761 880 845 dicebatur,
891 701 1144 829 Mediolanenses
1166 764 1213 830 ibi

92 868 127 910 se
159 847 304 933 recipere
337 849 566 932 cogitaverant,
599 848 626 912 si
658 845 841 910 Mediolano
897 845 1076 914 ellorentur.
1129 847 1213 914 Oum

90 929 210 1016 igiturb
242 930 358 996 milites
385 932 570 997 Brixienses
599 939 630 997 et
657 931 852 996 habitatores
872 868 941 994 loci
963 929 1047 996 illius
1068 934 1214 999 innume-

90 1013 230 1079 11111111ο
257 1014 385 1080 fossatis
413 1037 451 1079 ac
473 1018 619 1082 vectibus
642 1026 673 1080 11
698 1014 867 1101 multiplici
888 1017 1074 1082 munitionis
1096 1039 1214 1105 genero

90 1097 132 1162 ad
154 1097 374 1164 defensionem
395 1123 429 1164 se
451 1109 685 1188 preparassent,
708 1100 764 1165 ubi
785 1122 844 1185 per
886 1097 1013 1165 aludem
1034 1104 1213 1167 artissimos

90 1182 224 1268 patebat
255 1185 403 1249 introitus
436 1123 1072 1270 101111111111111111111101111111οηί111,
1106 1184 1213 1252 subito

89 1267 179 1349 victi,
209 1268 322 1353 fugati,
356 1269 421 1332 cesi
448 1277 481 1333 et
502 1270 654 1355 captivati
676 1277 750 1333 sunt
770 1269 940 1350 innumeri,
973 1271 1085 1335 civitas
1108 1281 1212 1356 capta,

91 1360 123 1415 et
150 1350 254 1436 preda
282 1352 437 1417 mirabilis
459 1355 493 1416 in
515 1354 586 1439 ipsa
608 1362 656 1418 est
677 1351 884 1438 deprehensa.
929 1353 1030 1419 Totus
1053 1357 1213 1421 exercitus

89 1433 189 1499 huius
219 1437 337 1522 predae
367 1437 460 1523 copia
483 1437 622 1502 ditatusd
645 1447 744 1521 esset,
780 1438 842 1502 nisi
864 1439 1076 1523 intempestot
1109 1441 1212 1505 noctis

87 1515 216 1584 silentio
245 1521 329 1608 ignis
358 1520 468 1586 furtim
493 1523 655 1586 immissus
683 1521 815 1606 predam
837 1522 940 1608 ipsam
965 1521 1061 1586 simul
1082 1533 1114 1588 et
1135 1525 1212 1587 civi-

88 1612 190 1668 tatem
220 1606 255 1668 in
278 1606 400 1672 eineres
419 1605 603 1692 redegisset.
647 1605 794 1671 Accessit
814 1605 908 1670 huicl
934 1605 1090 1689 fortunae,
1124 1607 1212 1706 quod

86 1697 163 1753 ante
190 1689 308 1755 festum
334 1689 422 1754 beati
448 1690 612 1754 Laurentii
640 1691 726 1775 capti
754 1701 828 1755 sunt
855 1713 897 1755 ex
918 1688 1210 1756 Mediolanenslbus

86 1771 231 1858 amplius
254 1797 351 1872 quam
373 1775 446 1853 500,
467 1775 627 1838 innumeri
650 1775 755 1855 occisi,
790 1773 943 1838 militibus
966 1773 1211 1841 Coloniensibus

86 1877 236 1942 pugnam
266 1856 513 1946 moipientibus¹
545 1867 576 1922 et
606 1879 625 1921 a
646 1858 779 1923 meridie
801 1880 904 1944 usque
926 1858 967 1922 ad
989 1868 1116 1924 noctem
1139 1881 1212 1923 oum

85 1961 209 2026 magno
231 1943 371 2007 hostium
394 1942 534 2029 dampno
556 1941 691 2007 viriliter
712 1943 999 2028 perseverantibus,
1022 1944 1213 2028 imperatore

86 2025 177 2089 eirca
205 2049 377 2114 vesperum
406 2036 531 2091 tantum
558 2049 632 2090 eum
655 2038 782 2090 centum
805 2027 1037 2113 quinquaginta
1058 2026 1213 2093 militibus

86 2110 135 2172 eis
159 2119 366 2176 succurrente
400 2120 431 2174 et
463 2112 508 2175 ita
529 2110 649 2176 ibidem
671 2121 744 2176 ante
766 2111 869 2196 ipsam
891 2121 1017 2196 portam
1039 2110 1213 2177 Mediolani

85 2192 257 2262 militante.
299 2194 351 2259 Ibi
381 2196 440 2259 sub
471 2217 508 2260 eo
539 2217 640 2282 equus
673 2217 749 2259 suus
777 2197 916 2282 optimus
946 2204 994 2259 est
1015 2195 1211 2279 interfectus,

85 2285 120 2341 et
140 2278 214 2364 ipse
236 2281 319 2344 inter
336 2277 473 2365 clipeum
496 2289 528 2344 et
549 2300 666 2366 eorpus
681 2278 814 2343 lanceas
837 2277 1007 2343 crudeliter
1021 2288 1068 2343 est
1083 2281 1211 2364 petitus.

86 2361 127 2425 In
149 2363 249 2427 alium
270 2373 378 2428 tamen
400 2362 579 2427 transiliens
602 2385 729 2450 equum,
751 2385 810 2449 per
830 2365 966 2448 gratiam
989 2363 1053 2427 Dei
1074 2365 1212 2430 intactus

88 2453 121 2508 et
152 2449 283 2511 omnino
313 2444 481 2512 incolumis
508 2449 619 2530 evasit,
657 2447 746 2512 miles
769 2457 948 2524 strennuus,
971 2447 1146 2537 imperator
1166 2451 1213 2512 in-

90 2540 216 2614 cautus,
238 2530 317 2596 felix
338 2541 481 2617 uterque.

470 2615 565 2680 Anno
589 2616 722 2680 Domini
745 2615 836 2680 1160.

176 2700 355 2785 Imperator
383 2699 488 2764 natale
523 2700 656 2764 Domini
685 2701 718 2763 in
751 2699 843 2764 Italia
879 2697 1034 2780 celebrat,
1078 2698 1215 2764 necdum

87 2782 275 2848 Mediolano
307 2784 457 2867 subact03
490 2783 708 2849 fraudulenter
740 2793 849 2850 tamen
880 2782 1075 2848 deditionem
1108 2783 1214 2848 facere

88 2866 315 2953 disponebant.
361 2867 547 2933 Offerebant
576 2869 733 2954 siquidem
762 2867 925 2932 destruere
947 2876 1072 2953 partem
1094 2867 1213 2949 fossati,

89 2951 256 3016 destruere
290 2953 387 3016 111111
423 2953 465 3016 40
497 2953 587 3016 ulnas
624 2952 708 3017 muri
744 2951 787 3016 ad
823 2952 988 3016 introitum
1024 2961 1056 3014 et
1091 2953 1214 3017 exitum

89 3035 241 3118 civitatis,
274 3046 310 3101 ut
330 3045 472 3101 transeat
492 3038 666 3123 imperator
687 3058 761 3100 oum
784 3035 936 3117 exercito,
970 3044 1003 3100 et
1024 3033 1150 3101 deicere
1172 3037 1215 3100 30

88 3128 195 3184 turres
237 3118 368 3184 euales
405 3119 554 3186 domibus
607 3131 638 3185 et
673 3129 819 3206 preterea
855 3117 1063 3184 excellentem
1099 3121 1214 3183 turrim

90 3203 232 3268 Sanctae
290 3205 386 3286 ariae,
424 3205 501 3271 dare
523 3205 586 3270 300
616 3203 753 3286 obsides,
790 3203 902 3268 decem
923 3202 1011 3267 milia
1032 3225 1215 3267 marcarum

90 3297 124 3352 11
152 3287 307 3353 tributum
337 3288 469 3374 singulis
499 3290 591 3352 annis
613 3289 653 3356 de
676 3288 805 3352 civitate
827 3296 859 3352 et
880 3287 1055 3373 provincia.
1099 3287 1215 3373 Itaque

92 3415 296 3424 ——--—.-⁴.-.-

449 3450 615 3504 Receneio
636 3450 677 3502 II.
697 3452 771 3503 cod.
793 3450 843 3502 01.

90 3545 125 3594 in
144 3545 219 3610 ipso
239 3545 388 3611 amplius
403 3560 482 3611 qnam
496 3547 523 3594 in
535 3546 626 3596 Brixia
644 3544 766 3594 fidutiam
785 3545 915 3595 haberent
935 3549 969 3607 et,
989 3543 1059 3593 sicut
1079 3541 1215 3605 dicabant,

89 3616 310 3669 Mediolanenses
321 3618 359 3668 ibi
372 3635 402 3669 se
414 3619 536 3685 recipere
551 3619 715 3684 cogitabant,
730 3619 753 3669 11
764 3617 919 3668 Mediolano
932 3616 1103 3683 pellerentur.
1128 3617 1216 3682 Igitur

90 3690 258 3742 habitatores
273 3691 327 3742 loci
342 3691 415 3743 illius
431 3691 493 3743 dum
509 3708 538 3743 se
553 3692 588 3742 ad
601 3691 858 3758 repugnandum
877 3690 1103 3741 confidenter
1118 3705 1215 3756 prepa-

90 3771 206 3828 11111111,
214 3781 231 3815 1
244 3764 372 3816 militibus
378 3766 532 3816 Teutonicis
546 3781 593 3830 per
602 3765 736 3831 paludem,
746 3765 792 3815 ubi
805 3766 952 3815 attissimus
959 3763 1069 3830 patebat
1082 3765 1215 3826 introitus,

90 3839 267 3902 ingressis
296 3839 383 3890 subito
411 3839 487 3898 victi,
514 3839 609 3904 fugati,
639 3839 694 3888 oesi
714 3844 741 3888 et
757 3839 829 3904 cepti
849 3843 917 3888 sunt.
957 3836 1058 3888 0111111
1079 3842 1168 3903 capta,
1189 3841 1216 3886 et

92 3910 178 3978 preda
197 3912 389 3976 magnifica
408 3913 436 3961 in
455 3913 514 3978 ipsa
534 3912 710 3978 deprehensa.
744 3911 797 3962 Sed
818 3913 979 3978 intempesto
999 3911 1087 3961 noctis
1107 3909 1215 3960 silentio

92 3985 162 4049 ignis
191 3985 281 4035 furtim
311 3987 444 4048 inmissus,
476 3983 586 4050 predam
614 3988 699 4051 ipsam
727 3985 806 4036 simul
836 3989 863 4035 et
891 3985 1027 4035 civitatem
1056 3983 1083 4032 in
1103 3998 1216 4048 oyneres

92 4055 220 4124 redegitl.

91 4182 115 4234 a)
140 4186 198 4225 adeo
214 4186 344 4225 liriniensis
360 4189 385 4225 ut
400 4196 459 4225 corr.
476 4187 508 4226 ibi
525 4187 573 4227 Bi.
654 4183 678 4236 b)
703 4195 759 4234 ergo
775 4186 823 4226 112.
899 4184 920 4237 1)
945 4183 1156 4224 innumerabilibus
1173 4185 1217 4225 01.

92 4241 116 4294 (1)
133 4254 152 4285 e.
169 4244 191 4284 d.
208 4245 320 4288 3102.
351 4245 373 4296 e)
390 4246 528 4296 intempeste
544 4245 587 4286 01.
618 4244 637 4296 1)
660 4244 812 4286 11111102.
852 4241 876 4295 g)
898 4247 922 4284 11
936 4244 1042 4284 lanceam
1058 4247 1093 4283 est
1117 4253 1148 4284 or.
1166 4242 1217 4283 Ar.

96 4348 123 4413 1)
142 4348 185 4401 De
200 4365 298 4416 puqno
319 4367 345 4403 a.
366 4350 445 4413 1161,
465 4351 498 4402 de
517 4366 571 4416 quo
589 4351 671 4418 refert
693 4349 750 4403 ouo
770 4349 891 4408 Morene,
908 4345 959 4400 SS.
979 4346 1091 4411 XVIII,
1106 4365 1138 4413 p.
1153 4349 1215 4409 633,

92 4437 177 4474 sermo
198 4424 394 4486 cerevisiam,
414 4425 448 4490 cs.
468 4422 608 4476 Lehmann
625 4442 654 4490 p.
675 4425 720 4476 37.

1245 1681 1319 1725 11611

1221 1741 1278 1793 Aap.
1296 1743 1335 1784 10.
