2924 5006
181 402 365 455 CHRONIOA
385 403 497 454 REGIA
518 403 771 457 COLONIENSIS.
792 403 1039 456 OONT.A.1198.
1112 404 1163 454 los

415 575 583 628 Reccaeio
604 577 629 629 l.
649 578 741 629 codd.
762 577 795 627 A.

48 677 120 742 dicti
146 677 316 763 pontifices
337 677 378 742 ad
400 678 533 744 eandem
556 681 679 743 curiam
700 681 761 745 iter
780 681 930 762 facerent,
946 690 1165 765 cognoverunt

47 759 112 824 illos
134 763 199 824 iam
227 763 261 824 in
282 760 466 861 Philippum
497 763 611 828 ducem
636 763 763 846 Suevie,
793 765 994 848 imperatoris
1022 764 1162 844 fratrem,

48 844 254 910 concordasse
276 854 401 910 etcum
423 869 457 910 rn
478 870 513 912 re
537 869 587 912 em
610 846 752 933 elegisse.
785 847 880 912 Unde
902 849 981 912 moti
1001 847 1164 913 redierunt

48 928 230 994 etBertolfo
248 929 321 993 duci
337 928 474 1016 Cerugie
496 870 591 995 fidem
614 933 766 1014 fecerunt,
811 931 876 995 uod
895 933 965 1017 ipse
986 931 1164 1017 repatrians

48 1015 221 1078 exercitum
253 1035 359 1078 secum
393 1015 524 1080 duceret
555 1026 586 1080 et
619 1025 736 1080 statuto
767 954 830 1079 sibi
862 1015 914 1080 die
947 1016 1163 1079 Antennacum

48 1098 170 1173 rediret,
201 1119 275 1161 eum
305 1098 351 1162 ibi
377 1110 499 1164 remota
529 1101 615 1163 omni
644 1098 843 1164 dubitatione
871 1119 980 1183 regem
1009 1109 1163 1165 crearent.

49 1179 115 1246 Hoc
137 1191 170 1246 et
198 1183 270 1267 ipse
292 1183 439 1267 promisit
460 1194 492 1248 et
513 1183 630 1247 iuravit
652 1193 684 1248 et
704 1187 836 1269 insuper
858 1183 986 1247 obsides
1008 1183 1105 1249 dedit.

124 1266 306 1351 Designato
328 1268 426 1351 igitur
448 1267 499 1332 die
523 1289 596 1331 cum
618 1267 705 1353 apud
728 1268 946 1331 Antennacum
967 1267 1009 1331 ab
1039 1270 1162 1353 episco-

50 1350 93 1435 pis
114 1359 144 1413 et
167 1351 257 1415 omni
278 1350 481 1415 multitudine
503 1372 574 1415 oum
599 1361 756 1437 apparatu
786 1361 818 1416 et
840 1350 999 1415 desiderio
1021 1354 1163 1416 maximo

50 1443 279 1520 expectaretur,
312 1455 386 1498 ecce
413 1457 523 1499 rumor
554 1437 713 1521 pessimus
735 1445 766 1499 et
788 1436 856 1499 eius
879 1435 1026 1521 ignaviae
1049 1436 1165 1521 dignus

50 1518 190 1600 intonuit,
224 1519 331 1604 ipsum
360 1517 481 1584 scilicet
508 1541 582 1583 curn
605 1519 686 1584 duce
709 1521 846 1584 Sueviae
868 1519 1100 1584 concordasse¹¹
1122 1530 1163 1601 et,

52 1612 83 1666 ut
101 1603 170 1687 ipse
193 1624 294 1687 regno
310 1613 341 1666 et
363 1600 510 1667 electioni
528 1605 740 1684 renunciaret,
766 1605 799 1666 l]
820 1601 908 1666 milia
929 1624 1111 1668 marcarum
1134 1611 1166 1668 et

51 1685 194 1749 ducatum
225 1687 266 1750 ab
289 1707 327 1751 eo
349 1688 511 1771 accepisse
523 1699 543 1750 ¹.
587 1687 651 1751 Hic
679 1709 755 1771 ergo
783 1705 893 1751 rumor
921 1697 952 1751 et
979 1687 1164 1752 inhonestus

53 1778 177 1834 eventus
215 1771 373 1855 primores
405 1771 589 1835 inferiorum
646 1772 763 1835 artium
794 1772 936 1855 graviter
965 1770 1090 1852 afflixit,
1127 1791 1164 1835 eo

54 1854 130 1938 quod
151 1853 321 1939 indignum
345 1853 406 1918 sibi
429 1864 461 1919 et
482 1795 680 1919 intolerabile
696 1853 868 1936 videretur,
891 1856 918 1918 si
940 1864 1051 1919 contra
1073 1876 1164 1919 suam

53 1935 240 2003 voluntatem
270 1938 440 2003 suevus*
468 1949 641 2038 regnasset,
686 1937 820 2003 Constat
841 1947 958 2019 tamen²
988 1939 1073 2024 quod
1096 1939 1165 2086 ipse

10 2049 11 2094 r
54 2023 198 2086 nuncios⁰
214 2044 290 2086 suos
312 2021 653 2110 ad'archiep1scopum
670 2021 894 2088 Coloniensem
917 2045 991 2087 cum
1014 2023 1102 2107 preci
1127 2043 1165 2085 us

10 2103 11 2168 3
53 2107 230 2188 transmisit,
253 2106 354 2170 multa
377 2106 521 2188 offerens,
544 2107 600 2171 sed
622 2107 716 2193 plura
737 2107 937 2255 promittens,
959 2107 987 2170 si
1008 2105 1050 2170 ad
1072 2127 1163 2170 suam

55 2188 233 2256 electionem
256 2191 398 2254 animum
413 2188 508 2255 vellet
528 2190 693 2255 inclinare.
763 2189 803 2255 ed
825 2193 996 2276 episcopus
1019 2189 1081 2254 hcc
1103 2189 1166 2254 sibi

54 2283 147 2338 tutum
168 2297 236 2339 non
258 2273 391 2339 credens
412 2274 464 2339 vel
486 2275 664 2356 honestum,
696 2273 776 2338 haec
798 2274 904 2338 facere
925 2275 1053 2359 penitus
1075 2295 1165 2338 recu-

11 3089 13 3120 i

12 3141 14 3170 t

56 2359 144 2441 savit3
166 2358 278 2424 habito
303 2381 343 2422 ue
366 2358 533 2441 consilio⁶‚
550 2358 703 2424 Ottonem
727 2358 866 2446 [Piumtl
890 2359 1038 2422 comitem
1061 2358 1165 2423 Picta-

55 2441 261 2591 vliae,trfilium
329 2443 439 2507 einrici
470 2443 633 2528 quondam
669 2442 760 2506 ducis
790 2441 959 2522 Saxoniae,
992 2441 1025 2504 in
1057 2462 1165 2527 regem

56 2548 122 2611 orgi
156 2577 162 2592 .

395 2726 557 2779 Beccneio
577 2725 619 2778 II.
639 2726 776 2778 codd.B.
801 2724 829 2777 0.

57 2852 119 2905 Dum
131 2871 194 2920 crgo
204 2858 259 2906 iam
272 2855 338 2906 dicti
348 2871 412 2906 nnn
424 2857 467 2907 tii
481 2856 515 2906 nd
531 2855 644 2906 eandem
659 2857 759 2905 curiam
772 2855 972 2914 venissent,
987 2859 1169 2919 cognoverunt

57 2926 110 2979 illos
127 2931 154 2979 in
172 2929 335 2995 Phylippum
356 2929 451 2980 ducem
472 2929 596 2990 sueviae,
615 2930 782 2994 imperatoris
801 2928 919 2987 fratrem,
940 2926 1118 2978 concordasse
1144 2931 1170 2977 et

59 3021 111 3056 eum
129 3009 156 3057 in
177 3025 271 3074 regem
293 3009 415 3074 elegisse.
458 3009 537 3059 Unde
558 3009 623 3058 moti
643 3007 779 3058 redierunt
793 3004 826 3059 et
840 2994 994 3079 predictis
1009 2992 1169 3079 episcopis

60 3098 113 3162 que
143 3079 230 3144 facta
263 3079 388 3144 fuerant
420 3078 602 3144 retulerunt.
668 3078 732 3159 Qui
767 3077 973 3144 vehementer
1000 3077 1171 3160 indignati,

12 3171 14 3212 t
61 3182 91 3223 eo
111 3164 194 3248 quod
218 3184 393 3248 numquam
416 3162 531 3249 aliquis
552 3185 612 3227 rex
632 3163 665 3224 in
689 3162 851 3227 Saronico
871 3171 956 3225 terra
985 3159 1104 3246 electus
1127 3159 1169 3223 ab

61 3243 113 3308 hiis
146 3247 348 3334 principibus
381 3247 503 3328 fuisset,
533 3269 609 3311 mox
642 3260 704 3309 duci
732 3257 872 3310 Bertolfoss
902 3258 940 3308 de
967 3243 1169 3322 Zaringon¹²

61 3331 131 3386 fidem
148 3339 279 3403 fecerunt,
298 3338 369 3405 quod
389 3339 448 3406 ipse
467 3338 616 3404 repatrians
636 3338 780 3388 exercitum
800 3351 892 3387 secum
907 3335 1017 3386 duceret
1030 3340 1056 3385 et
1069 3338 1171 3385 statuto

62 3408 106 3458 sibi
124 3410 165 3462 die
183 3412 372 3464 Andernacum
391 3413 499 3473 rediret,
519 3428 578 3461 eum
603 3411 641 3460 ibi
665 3416 767 3460 remote
791 3411 864 3460 omui
888 3409 1055 3460 dubitatione
1079 3422 1172 3473 regom

12 3523 14 3558 t
65 3490 181 3536 crearent.
221 3486 281 3536 Hoc
302 3492 329 3536 et
347 3487 405 3551 ipse
425 3486 547 3552 promisit
566 3489 593 3535 et
611 3484 708 3534 inravit
728 3489 755 3534 et
773 3484 881 3549 insuper
901 3481 1008 3534 obsides
1029 3479 1111 3534 dedit.

12 3559 14 3666 ἰ

138 3560 287 3625 Designato
306 3560 387 3623 igitur
406 3585 441 3596 -
464 3583 494 3594 ——
516 3558 543 3607 in
562 3572 652 3623 regem
673 3557 759 3621 eligit.
778 3564 807 3606 ut
825 3554 950 3608 Recenaio
969 3554 994 3606 I.

129 3738 156 3807 *)
174 3741 323 3808 Phylippus
344 3740 396 3791 dux
414 3740 474 3792 Β1.

13 3963 14 3968 ,
70 3917 88 3968 ι)
101 3932 124 3960 m.
138 3933 156 3965 e.
170 3923 217 3964 XV.
233 3935 290 3962 corr.
306 3923 458 3964 concordasse
474 3925 518 3964 02.
572 3920 596 3973 b)
611 3921 711 3962 Suevtns
730 3920 772 3960 01.
790 3920 811 3959 2.
863 3917 1019 3970 c)deeatB1.
1081 3915 1105 3967 d)
1122 3927 1174 3957 con·

13 3983 14 3986 ’
71 3978 468 4032 stliopoetsuppl.B13h.ergoc.
487 3981 537 4023 ΑΒ.
597 3975 1113 4031 ο)ὶεαο2;ροοεεναειιηιὶηΒιςᾶεοεεΔ.
1131 3976 1173 4016 01.

70 4032 189 4083 beatamne
207 4042 271 4090 prior
286 4042 380 4091 pupinus
401 4042 532 4092 insequentis
550 4040 664 4090 tmeytnem
681 4039 765 4078 ostonis
780 4036 821 4077 IV.
838 4036 923 4081 orbitat,
944 4035 979 4073 cui
993 4035 1174 4084 superscriptum:

72 4092 140 4137 ΟΤΤΟ
154 4099 213 4138 REX
229 4102 272 4141 οἳ.
336 4100 359 4152 g)
375 4101 518 4150 Bertholpho
535 4099 577 4140 01.
638 4095 661 4148 h)
678 4098 778 4145 znrigon
794 4095 900 4143 B1.01;
916 4094 999 4142 serigo
1015 4094 1058 4134 08.

14 4277 15 4288 ¹
76 4261 98 4325 1)
119 4264 215 4320 Rumor
239 4268 414 4320 concessiones
433 4264 551 4333 Philippi
577 4265 717 4331 ampliavit
724 4282 732 4324 ;
758 4262 938 4313 Winkelmcna
956 4260 980 4324 I,
997 4278 1025 4326 p.
1048 4261 1080 4312 ⁷2
1101 4278 1128 4311 u.
1150 4261 1176 4312 3.

886 4347 945 4408 11*
